3480 5804
527 509 825 564 oasnurlrrouns
842 493 961 562 arma.
982 511 1046 565 vu.
1378 494 1448 565 137

124 682 288 740 stituuntnr
309 681 468 753 ordinarii,
490 688 589 741 tamen
611 681 643 739 in
664 670 888 758 actis'publicis
909 681 1013 756 populi
1034 681 1164 751 Romani
1186 681 1224 740 ad
1246 684 1334 742 finem
1356 702 1452 759 usque

128 782 241 843 saeculi
264 782 387 842 secundi
404 799 470 842 mos
486 781 603 841 ridetur
624 783 800 859 perdurasse
822 782 1068 840 enuntiandorum
1090 783 1246 842 consulum
1267 801 1379 854 eorum,
1400 785 1453 860 qui

123 891 187 942 tum
207 882 305 942 fasces
325 892 471 959 gererent.
514 881 603 942 Certe
624 884 656 941 in
677 882 851 960 diplomatis
876 892 1083 942 veteranorum
1106 883 1222 942 suffecti
1242 885 1453 943 continuantur

124 984 163 1043 ad
183 994 319 1062 tempora
340 1001 436 1060 usquc
451 983 544 1042 Marci
559 992 589 1042 et
602 981 690 1052 Veri3
712 991 817 1041 contra
829 983 994 1059 diplomata
1015 1003 1042 1041 a
1058 983 1118 1042 247
1135 992 1166 1042 et
1179 983 1239 1043 249
1263 984 1348 1060 (uam
1362 986 1453 1045 medii

124 1086 268 1162 temporis
295 1103 372 1162 quae
398 1083 519 1161 quidem
544 1085 604 1143 huc
628 1083 797 1160 pertineant
824 1085 909 1142 nulla
935 1085 1097 1161 habemus)
1125 1087 1294 1162 praeteritis
1321 1087 1453 1146 suffectis

125 1185 293 1245 ordinarios
314 1192 430 1262 ponunt
452 1185 512 1262 (lll
532 1204 563 1262 p.
578 1184 664 1261 913).
706 1185 782 1243 Item
807 1185 838 1243 in
860 1185 935 1245 actis
957 1185 1115 1245 Arvalium
1136 1203 1205 1244 cum
1227 1187 1274 1244 rel
1296 1185 1454 1247 Commodi

125 1292 233 1358 aetate,
255 1285 307 1345 ubi
328 1303 404 1364 opus
425 1293 482 1358 est,
504 1285 694 1345 nominentur
707 1285 836 1358 suffecti,
858 1303 936 1344 anno
954 1293 1034 1346 certe
1048 1284 1109 1345 214
1131 1304 1185 1362 pro
1200 1287 1335 1347 suffectis
1348 1288 1454 1366 legun-

125 1396 175 1445 tur
199 1386 343 1445 ordinarii
353 1386 391 1463 ¹).
442 1385 574 1445 Omnino
601 1387 675 1446 haec
701 1387 893 1447 suffectorum
920 1405 959 1446 ex
985 1386 1122 1462 legitima
1148 1387 1219 1445 anni
1246 1387 1454 1464 designatione

126 1486 264 1565 expulsio
285 1497 316 1546 et
336 1487 510 1558 consulum,
535 1487 685 1564 aquibus
707 1504 803 1546 annus
824 1487 943 1565 incipit,
964 1494 1053 1547 aucta
1071 1488 1298 1548 honorificentia
1319 1497 1402 1550 stre
1423 1499 1454 1549 et

126 1596 259 1664 tempora
280 1589 457 1648 coniunctae
477 1587 605 1647 luerunt.

284 1691 342 1760 15.
394 1685 579 1761 Pontifex.

285 1808 344 1880 16.
396 1807 537 1906 Augur.

212 1925 386 1988 Sacerdotis
406 1928 481 1986 haec
502 1946 563 2003 quo
585 1936 717 2006 tempore
739 1926 871 1990 Sabinus
893 1927 1020 2007 adeptus
1042 1930 1083 1988 sit
1103 1949 1171 1990 cum
1192 1928 1379 2009 ignoremus,
1404 1933 1454 1992 hic

126 2027 166 2088 iis
187 2027 286 2088 locum
308 2027 444 2087 dedimus
466 2029 756 2106 postconsulatum.

251 2189 254 2195 .
283 2131 342 2202 11.
393 2126 513 2202 Iudex
530 2151 578 2200 ex
591 2127 885 2227 dele[g(atione)]
904 2127 1188 2229 cognitiontum)
1202 2129 1414 2229 Caesarian(
1437 2175 1453 2188 -

393 2246 496 2346 rum)
512 2280 564 2312 =
585 2246 720 2346 [Iudex
737 2248 797 2345 ex]
818 2249 1034 2346 delegarat)
1055 2249 1294 2350 [p]rincipum
1311 2251 1348 2324 in
1367 2277 1459 2350 pro-k

394 2366 515 2444 vincia
541 2366 774 2466 [Dalmatiat
801 2366 890 2440 item
907 2367 1160 2464 Pannoniaei]
1185 2368 1428 2468 inferioris3).

212 2487 264 2549 Sic
289 2489 346 2548 hoc
373 2489 505 2549 officium
527 2488 725 2565 perscriptum
747 2487 865 2547 videtur
888 2487 984 2547 fuisse
1004 2489 1036 2546 in
1056 2488 1151 2548 titulis
1171 2488 1290 2549 duobus
1311 2492 1455 2567 Aquinati

129 2597 160 2648 et
187 2588 336 2663 Casinati,
363 2590 422 2649 nisi
448 2589 529 2667 quod
555 2589 775 2667 provinciarum
801 2589 924 2647 nomina
949 2606 1027 2665 quae
1053 2588 1084 2646 in
1109 2588 1166 2648 hoc
1191 2591 1345 2666 perierunt
1370 2590 1455 2667 (nam

130 2691 206 2750 duas
226 2691 395 2750 nominatas
416 2689 511 2750 luisse
532 2709 572 2748 ex
587 2691 685 2766 spatio
699 2689 864 2766 colligitur)
885 2698 967 2747 certa
980 2690 1280 2765 rationc'rccuperari
1295 2701 1455 2768 nequeunt.

51 2829 55 2836 -
129 2791 287 2867 Principes
313 2791 364 2867 qui
389 2791 421 2849 in
445 2791 502 2850 boc
522 2791 714 2849 nominantur
735 2809 802 2849 cum
823 2807 891 2848 esse
912 2809 972 2848 non
994 2790 1113 2866 possint
1133 2791 1264 2869 Augusti
1283 2792 1344 2850 duo
1366 2795 1456 2853 simul

129 2901 289 2969 regnantes
318 2892 405 2968 (nam
434 2890 622 2951 Caracallum
651 2898 682 2950 et
709 2889 819 2950 Getam
846 2890 999 2967 expeditio
1027 2888 1208 2950 Germanica
1234 2910 1262 2950 a.
1282 2893 1342 2952 213
1370 2912 1456 2971 prae-

129 2994 239 3052 cedens
261 2992 407 3067 excludit,
429 2991 591 3051 Balbinum
613 3000 643 3050 et
662 2991 925 3070 Pupienumanni
946 2991 1016 3066 plus
1038 2991 1144 3069 viginti
1164 2993 1360 3070 interpositi),
1379 2995 1456 3053 Bor-

130 3093 253 3172 ghesius
278 3093 404 3154 coniecit
430 3112 498 3152 eum
524 3092 561 3151 de
586 3110 646 3168 quo
672 3092 771 3169 agitur
796 3093 854 3151 boc
875 3091 973 3151 officio
994 3091 1130 3152 iunctum
1150 3111 1220 3153 esse
1241 3101 1271 3153 et
1291 3095 1457 3171 imperante

130 3195 266 3254 Macrino
286 3203 318 3254 et
337 3195 503 3271 imperante
523 3193 741 3270 Elagaba104).
784 3194 828 3253 At
847 3212 915 3252 oum
935 3192 967 3251 in
987 3193 1135 3269 legatione
1156 3191 1259 3255 Sabini
1281 3196 1457 3255 Pannonica

130 3303 230 3373 gesta,
255 3302 289 3355 ut
316 3294 395 3355 infra
418 3294 602 3366 videbimus,
628 3294 793 3371 imperante
820 3294 975 3352 ctiamtum
1002 3292 1163 3352 Caracalla
1187 3294 1292 3353 titulus
1318 3296 1457 3372 Aquinas

131 3395 219 3455 finem
236 3395 336 3468 iaciat,
357 3394 484 3456 Casinas
506 3414 544 3454 ne
565 3413 631 3453 cam
652 3393 773 3470 quidem
788 3393 905 3464 habeat,
927 3400 1051 3468 uterque
1065 3394 1169 3453 titulus
1183 3393 1337 3454 dedicatus
1352 3396 1393 3455 sit
1406 3416 1457 3455 ne·

130 3514 216 3556 cesss
237 3511 283 3556 est
302 3497 468 3575 imperante
481 3495 642 3556 Caracalla
661 3512 717 3553 nee
738 3512 815 3571 quae
835 3493 867 3552 in
887 3512 924 3552 eo
938 3493 1078 3572 leguntur
1091 3495 1131 3552 ad
1144 3494 1272 3554 Macrini
1286 3496 1334 3554 rel
1349 3496 1457 3573 Elaga-

130 3598 194 3658 bali
213 3606 350 3676 tempora
369 3598 488 3658 trahere
508 3598 589 3656 licet.
625 3593 723 3670 Quam
746 3595 785 3654 ob
805 3613 868 3654 rem
890 3594 927 3654 de
949 3596 1005 3654 hac
1025 3593 1204 3654 iudicatione
1220 3614 1280 3654 non
1294 3596 1382 3655 video
1396 3614 1457 3674 quo

209 3860 234 3924 ¹)
263 3863 333 3913 llaec
351 3862 506 3928 colliguntur
523 3863 636 3914 maxime
654 3877 687 3912 ex
706 3861 800 3913 tabulis
812 3860 948 3912 Arvalium
961 3859 1116 3911 Marinianis
1133 3875 1160 3911 ιι.
1175 3859 1209 3910 32
1228 3874 1253 3911 ιι.
1268 3859 1320 3911 186
1338 3866 1365 3911 et
1382 3876 1409 3911 n.
1422 3862 1456 3912 39

133 3969 158 4004 ιι.
172 3955 226 4005 214
243 3954 311 4004 inter
328 3969 357 4004 ss
376 3953 484 4011 collatis.
514 3953 636 4004 Fortasse
654 3952 753 4002 suffecti
772 3953 824 4002 iam
843 3959 1037 4017 praetereuntur
1055 3952 1083 4002 in
1101 3951 1165 4002 actis
1183 3932 1275 4003 ⁸:²0⁰
1294 3951 1337 4014 (cl.
1351 3953 1458 4002 Henzan

132 4057 193 4094 ann.
209 4044 279 4095 last
298 4061 324 4110 p.
338 4043 411 4106 288).
424 4058 458 4079 ³-
482 4045 514 4095 In
538 4043 655 4108 epistulis
675 4043 774 4093 duabus
792 4043 942 4107 pontificum
961 4049 987 4091 et
1004 4042 1141 4094 XVrirum
1160 4057 1184 4092 a.
1199 4044 1253 4096 155
1271 4043 1362 4105 (Orell.
1375 4042 1458 4106 4370>

134 4141 160 4184 et
177 4149 202 4186 a.
215 4135 268 4186 289
288 4134 379 4196 (Orell.
393 4133 475 4197 2263)
495 4141 520 4184 et
539 4134 665 4185 ordinarii
684 4133 864 4184 adscribuntur
883 4140 909 4182 st
926 4132 1034 4182 suffecti.

209 4222 235 4287 ¹)
263 4225 304 4277 cf.
323 4226 450 4292 Ulpianus
467 4225 530 4289 Dig.
550 4226 595 4286 44,
609 4226 635 4285 4,
649 4226 675 4285 4,
690 4225 739 4274 tt:
758 4239 790 4274 cs
808 4220 924 4289 delegata
940 4221 1043 4288 pnpilli.

210 4312 235 4379 ¹)
265 4316 332 4368 com
349 4316 466 4367 meatur
483 4305 669 4374 narratoris,
691 4320 719 4363 ut
738 4321 853 4364 extrema
870 4314 956 4362 littera
973 4313 1051 4362 hodic
1070 4312 1173 4362 deficiat
1191 4327 1239 4363 nec
1256 4319 1346 4363 ιιιιιιιι
1364 4311 1459 4364 habeat

134 4408 183 4458 uisi
202 4407 344 4469 Cattolum,
363 4408 419 4458 deri
436 4414 529 4472 potest,
548 4413 577 4456 ut
595 4406 622 4456 in
641 4404 728 4470 lapids
745 4404 824 4454 fuerit
842 4402 911 4466 [item
929 4401 1092 4466 Pannonici]
1112 4400 1265 4468 insertor[0].

210 4496 235 4560 ⁴)
262 4499 293 4550 1.
318 4514 341 4549 c.
366 4497 401 4560 (v.
426 4513 451 4561 p.
467 4497 517 4548 131
543 4512 569 4547 ιι.
585 4496 628 4558 1)ι
659 4497 769 4561 Legatos
792 4495 936 4559 principum
959 4494 983 4543 si
1005 4491 1153 4558 riserircbds
1176 4494 1205 4543 oi
1227 4491 1298 4544 breui
1319 4491 1409 4559 imperi
1431 4490 1461 4542 di

135 4586 253 4639 Macrino
277 4603 290 4639 s
312 4587 342 4639 di
358 4585 515 4654 Elagabolo,
541 4581 683 4638 cl’esaendo
707 4583 824 4636 andedos
847 4583 877 4634 di
895 4584 1010 4634 dannata
1027 4585 1157 4644 memoria,
1184 4600 1235 4634 non
1249 4590 1374 4650 poterone
1393 4582 1458 4634 indi-

135 4681 249 4731 curai'se
267 4695 317 4730 non
335 4685 510 4730 oscuromente.
541 4679 668 4744 Exempla
685 4677 806 4743 pluratlrl
825 4678 924 4726 numeri
942 4677 979 4725 ita
991 4675 1023 4725 de
1036 4675 1232 4740 imperatoribus
1245 4675 1297 4724 alio
1309 4681 1368 4739 post
1380 4675 1459 4725 alium

135 4771 320 4836 imperantibus
336 4770 452 4834 usurpati
471 4768 627 4833 Borghesius
645 4769 717 4818 nulla
734 4768 819 4818 attulit
835 4782 883 4817 nec
902 4767 966 4817 mihi
983 4771 1085 4831 praesto
1104 4772 1175 4828 sunt3
1194 4780 1254 4816 nam
1273 4765 1403 4815 diversum
1421 4772 1461 4816 est

111 4873 114 4878 ·
136 4862 206 4927 qnod
229 4869 269 4912 est
290 4861 318 4911 in
340 4861 416 4910 titulo
434 4860 567 4911 Orelliano
586 4860 671 4910 3128:
695 4858 832 4925 q<aaertor)
857 4856 913 4906 divi
934 4855 1064 4922 Andrean)
1088 4863 1112 4906 ct
1134 4854 1173 4904 Τι’.
1196 4852 1460 4906 ornumornum

136 4954 218 5018 magis
236 4952 306 5018 qnod
325 4959 364 5001 est
380 4953 408 5001 in
426 4951 593 5001 Henzeniano
607 4951 691 5000 6483:
717 4948 799 5014 legato
818 4945 926 4999 eiusdem
945 4947 1007 5008 (diri
1027 4945 1163 5007 Hadriani)
1182 4945 1209 4996 s'n
1231 4943 1331 5006 ottae,
1353 4945 1458 5006 consuti,

137 5043 221 5110 legato
240 5043 267 5092 in
282 5039 376 5093 Cilicia
393 5043 452 5109 imp.
467 5041 589 5091 Antonini
600 5040 668 5106 Any.
700 5039 800 5090 Graeca
818 5046 903 5088 autem
922 5039 1018 5088 locutio
1036 5038 1135 5100 similis,
1154 5038 1187 5089 ds
1204 5053 1256 5104 qua
1274 5052 1352 5105 supra
1369 5052 1394 5103 p.
1408 5038 1460 5087 110

137 5135 257 5204 exposuit
274 5134 465 5200 Dittenbsrgsr‚
484 5133 519 5185 ad
537 5133 659 5185 Latinum
676 5146 750 5182 usum
769 5129 987 5196 comprobandum
1006 5145 1059 5182 non
1076 5129 1146 5181 tacit.
