<?xml version="1.0" encoding="UTF-8"?>
<!DOCTYPE html PUBLIC "-//W3C//DTD XHTML 1.0 Transitional//EN"
    "http://www.w3.org/TR/xhtml1/DTD/xhtml1-transitional.dtd">
<html xmlns="http://www.w3.org/1999/xhtml" xml:lang="en" lang="en">
 <head>
  <title>
</title>
<meta http-equiv="Content-Type" content="text/html;charset=utf-8" />
  <meta name='ocr-system' content='tesseract 3.04.00' />
  <meta name='ocr-capabilities' content='ocr_page ocr_carea ocr_par ocr_line ocrx_word'/>
</head>
<body>
  <div class='ocr_page' id='page_1' title='image "./ephemerisepigra07instgoog_0262.png"; bbox 0 0 3480 5804; ppageno 0'>
   <div class='ocr_carea' id='block_1_1' title="bbox 208 484 1216 555">
    <p class='ocr_par' dir='ltr' id='par_1_1' title="bbox 208 484 1216 555">
     <span class='ocr_line' id='line_1_1' title="bbox 208 484 1216 555; baseline -0.001 -1"><span class='ocrx_word' id='word_1_1' title='bbox 208 484 282 554; x_wconf 82' lang='lat'><strong>254</strong></span> <span class='ocrx_word' id='word_1_2' title='bbox 516 499 794 552; x_wconf 79' lang='lat' dir='ltr'><strong>nmnsunsncsn</strong></span> <span class='ocrx_word' id='word_1_3' title='bbox 818 500 866 549; x_wconf 84' lang='lat' dir='ltr'><strong>ns</strong></span> <span class='ocrx_word' id='word_1_4' title='bbox 893 500 1035 552; x_wconf 76' lang='lat' dir='ltr'><strong>cincus</strong></span> <span class='ocrx_word' id='word_1_5' title='bbox 1061 501 1216 555; x_wconf 75' lang='lat' dir='ltr'><strong>annom.</strong></span> 
     </span>
    </p>
   </div>
   <div class='ocr_carea' id='block_1_2' title="bbox 200 670 1545 4024">
    <p class='ocr_par' dir='ltr' id='par_1_2' title="bbox 205 670 1545 946">
     <span class='ocr_line' id='line_1_2' title="bbox 205 670 1545 750; baseline -0.001 -18"><span class='ocrx_word' id='word_1_6' title='bbox 205 690 266 732; x_wconf 92' lang='lat' dir='ltr'><strong>non</strong></span> <span class='ocrx_word' id='word_1_7' title='bbox 287 673 384 732; x_wconf 91' lang='lat' dir='ltr'><strong>solum</strong></span> <span class='ocrx_word' id='word_1_8' title='bbox 405 688 465 730; x_wconf 89' lang='lat' dir='ltr'><strong>non</strong></span> <span class='ocrx_word' id='word_1_9' title='bbox 487 681 596 741; x_wconf 89' lang='lat' dir='ltr'><strong>utatur,</strong></span> <span class='ocrx_word' id='word_1_10' title='bbox 619 671 672 728; x_wconf 90' lang='lat' dir='ltr'><strong>sed</strong></span> <span class='ocrx_word' id='word_1_11' title='bbox 694 671 783 728; x_wconf 86' lang='lat' dir='ltr'><strong>etiem</strong></span> <span class='ocrx_word' id='word_1_12' title='bbox 804 670 912 729; x_wconf 85' lang='lat' dir='ltr'><strong>tribum</strong></span> <span class='ocrx_word' id='word_1_13' title='bbox 934 671 1163 746; x_wconf 60' lang='lat' dir='ltr'><strong>(momentus)</strong></span> <span class='ocrx_word' id='word_1_14' title='bbox 1186 672 1300 730; x_wconf 89' lang='lat' dir='ltr'><strong>nomini</strong></span> <span class='ocrx_word' id='word_1_15' title='bbox 1320 673 1487 750; x_wconf 82' lang='lat' dir='ltr'><strong>adiungat,</strong></span> <span class='ocrx_word' id='word_1_16' title='bbox 1512 673 1545 731; x_wconf 92' lang='lat' dir='ltr'><strong>id</strong></span> 
     </span>
     <span class='ocr_line' id='line_1_3' title="bbox 205 770 1544 849; baseline 0.001 -19"><span class='ocrx_word' id='word_1_17' title='bbox 205 774 287 849; x_wconf 88' lang='lat' dir='ltr'><strong>qnod</strong></span> <span class='ocrx_word' id='word_1_18' title='bbox 308 774 340 832; x_wconf 94' lang='lat' dir='ltr'><strong>in</strong></span> <span class='ocrx_word' id='word_1_19' title='bbox 363 774 408 832; x_wconf 89' lang='lat' dir='ltr'><strong>eis</strong></span> <span class='ocrx_word' id='word_1_20' title='bbox 429 772 494 831; x_wconf 88' lang='lat' dir='ltr'><strong>lieri</strong></span> <span class='ocrx_word' id='word_1_21' title='bbox 515 771 671 830; x_wconf 87' lang='lat' dir='ltr'><strong>consuevit</strong></span> <span class='ocrx_word' id='word_1_22' title='bbox 691 772 744 846; x_wconf 89' lang='lat' dir='ltr'><strong>qui</strong></span> <span class='ocrx_word' id='word_1_23' title='bbox 765 771 939 846; x_wconf 82' lang='lat' dir='ltr'><strong>cognomine</strong></span> <span class='ocrx_word' id='word_1_24' title='bbox 960 772 1080 830; x_wconf 89' lang='lat' dir='ltr'><strong>omnino</strong></span> <span class='ocrx_word' id='word_1_25' title='bbox 1102 780 1217 846; x_wconf 78' lang='lat' dir='ltr'>carent,</span> <span class='ocrx_word' id='word_1_26' title='bbox 1242 791 1310 832; x_wconf 89' lang='lat' dir='ltr'><strong>eum</strong></span> <span class='ocrx_word' id='word_1_27' title='bbox 1331 792 1351 831; x_wconf 91' lang='lat' dir='ltr'><strong>a</strong></span> <span class='ocrx_word' id='word_1_28' title='bbox 1377 770 1412 831; x_wconf 90' lang='lat' dir='ltr'><strong>C.</strong></span> <span class='ocrx_word' id='word_1_29' title='bbox 1437 773 1544 832; x_wconf 79' lang='lat' dir='ltr'><strong>Mario</strong></span> 
     </span>
     <span class='ocr_line' id='line_1_4' title="bbox 206 869 967 946; baseline -0.004 -14"><span class='ocrx_word' id='word_1_30' title='bbox 206 873 350 933; x_wconf 83' lang='lat' dir='ltr'><strong>Marcello</strong></span> <span class='ocrx_word' id='word_1_31' title='bbox 372 872 449 931; x_wconf 90' lang='lat' dir='ltr'><strong>tituli</strong></span> <span class='ocrx_word' id='word_1_32' title='bbox 471 873 566 930; x_wconf 87' lang='lat' dir='ltr'><strong>nostri</strong></span> <span class='ocrx_word' id='word_1_33' title='bbox 586 869 826 946; x_wconf 85' lang='lat' dir='ltr'><strong>distinguendum</strong></span> <span class='ocrx_word' id='word_1_34' title='bbox 848 889 967 929; x_wconf 89' lang='lat' dir='ltr'><strong>censeo.</strong></span> 
     </span>
    </p>

    <p class='ocr_par' dir='ltr' id='par_1_3' title="bbox 200 971 1543 4024">
     <span class='ocr_line' id='line_1_5' title="bbox 294 971 1543 1048; baseline 0.002 -19"><span class='ocrx_word' id='word_1_35' title='bbox 294 972 342 1030; x_wconf 78' lang='lat'><strong>12.</strong></span> <span class='ocrx_word' id='word_1_36' title='bbox 369 972 407 1030; x_wconf 94' lang='lat' dir='ltr'><strong>In</strong></span> <span class='ocrx_word' id='word_1_37' title='bbox 432 973 491 1031; x_wconf 89' lang='lat' dir='ltr'><strong>fine</strong></span> <span class='ocrx_word' id='word_1_38' title='bbox 516 973 604 1030; x_wconf 90' lang='lat' dir='ltr'><strong>buius</strong></span> <span class='ocrx_word' id='word_1_39' title='bbox 631 971 947 1029; x_wconf 79' lang='lat' dir='ltr'><strong>commentatiunculae</strong></span> <span class='ocrx_word' id='word_1_40' title='bbox 973 972 1076 1048; x_wconf 89' lang='lat' dir='ltr'><strong>paucis</strong></span> <span class='ocrx_word' id='word_1_41' title='bbox 1102 973 1202 1031; x_wconf 84' lang='lat' dir='ltr'><strong>verbis</strong></span> <span class='ocrx_word' id='word_1_42' title='bbox 1228 972 1266 1031; x_wconf 89' lang='lat' dir='ltr'><strong>de</strong></span> <span class='ocrx_word' id='word_1_43' title='bbox 1290 974 1390 1032; x_wconf 88' lang='lat' dir='ltr'><strong>titulis</strong></span> <span class='ocrx_word' id='word_1_44' title='bbox 1415 973 1543 1033; x_wconf 89' lang='lat' dir='ltr'><strong>duobus</strong></span> 
     </span>
     <span class='ocr_line' id='line_1_6' title="bbox 207 1069 1541 1149; baseline 0 -17"><span class='ocrx_word' id='word_1_45' title='bbox 207 1090 366 1148; x_wconf 79' lang='lat' dir='ltr'><strong>exponam,</strong></span> <span class='ocrx_word' id='word_1_46' title='bbox 389 1071 426 1131; x_wconf 88' lang='lat' dir='ltr'><strong>de</strong></span> <span class='ocrx_word' id='word_1_47' title='bbox 447 1073 555 1149; x_wconf 90' lang='lat' dir='ltr'><strong>quibus</strong></span> <span class='ocrx_word' id='word_1_48' title='bbox 570 1090 629 1129; x_wconf 92' lang='lat' dir='ltr'><strong>non</strong></span> <span class='ocrx_word' id='word_1_49' title='bbox 649 1079 729 1130; x_wconf 89' lang='lat' dir='ltr'><strong>recte</strong></span> <span class='ocrx_word' id='word_1_50' title='bbox 743 1071 840 1129; x_wconf 81' lang='lat' dir='ltr'><strong>editor</strong></span> <span class='ocrx_word' id='word_1_51' title='bbox 854 1069 992 1130; x_wconf 88' lang='lat' dir='ltr'><strong>Graecus</strong></span> <span class='ocrx_word' id='word_1_52' title='bbox 1007 1072 1150 1132; x_wconf 76' lang='lat' dir='ltr'><strong>statuisse</strong></span> <span class='ocrx_word' id='word_1_53' title='bbox 1163 1073 1288 1132; x_wconf 88' lang='lat' dir='ltr'><strong>videtur.</strong></span> <span class='ocrx_word' id='word_1_54' title='bbox 1320 1073 1412 1132; x_wconf 84' lang='lat' dir='ltr'><strong>Alter</strong></span> <span class='ocrx_word' id='word_1_55' title='bbox 1435 1073 1541 1132; x_wconf 87' lang='lat' dir='ltr'><strong>editus</strong></span> 
     </span>
     <span class='ocr_line' id='line_1_7' title="bbox 206 1161 1540 1254; baseline -0.001 -23"><span class='ocrx_word' id='word_1_56' title='bbox 206 1181 253 1231; x_wconf 78' lang='lat' dir='ltr'><strong>est</strong></span> <span class='ocrx_word' id='word_1_57' title='bbox 274 1191 293 1230; x_wconf 79' lang='lat' dir='ltr'><strong>a</strong></span> <span class='ocrx_word' id='word_1_58' title='bbox 315 1171 358 1233; x_wconf 86' lang='lat' dir='ltr'><strong>St.</strong></span> <span class='ocrx_word' id='word_1_59' title='bbox 381 1171 563 1230; x_wconf 83' lang='lat' dir='ltr'><strong>Kumanude</strong></span> <span class='ocrx_word' id='word_1_60' title='bbox 587 1172 619 1229; x_wconf 93' lang='lat' dir='ltr'><strong>in</strong></span> <span class='ocrx_word' id='word_1_61' title='bbox 644 1171 747 1229; x_wconf 80' lang='lat' dir='ltr'><strong>libello</strong></span> <span class='ocrx_word' id='word_1_62' title='bbox 773 1161 948 1254; x_wconf 73' lang='grc' dir='ltr'><strong>ἘπιγραφαΙ</strong></span> <span class='ocrx_word' id='word_1_63' title='bbox 968 1163 1128 1242; x_wconf 59' lang='grc' dir='ltr'>Ἑλληνικαὶ</span> <span class='ocrx_word' id='word_1_64' title='bbox 1153 1206 1192 1217; x_wconf 95' lang='grc'>-</span> <span class='ocrx_word' id='word_1_65' title='bbox 1218 1205 1257 1216; x_wconf 93' lang='grc'>-</span> <span class='ocrx_word' id='word_1_66' title='bbox 1279 1166 1459 1242; x_wconf 73' lang='grc' dir='ltr'><strong><em>ἔκδεδόμεναε</em></strong></span> <span class='ocrx_word' id='word_1_67' title='bbox 1488 1168 1540 1230; x_wconf 80' lang='grc' dir='ltr'><strong>δα-</strong></span> 
     </span>
     <span class='ocr_line' id='line_1_8' title="bbox 206 1263 1540 1356; baseline 0.001 -28"><span class='ocrx_word' id='word_1_68' title='bbox 206 1264 280 1348; x_wconf 73' lang='grc' dir='ltr'>πάνῃ</span> <span class='ocrx_word' id='word_1_69' title='bbox 302 1274 352 1342; x_wconf 71' lang='grc' dir='ltr'><strong>τῆς</strong></span> <span class='ocrx_word' id='word_1_70' title='bbox 373 1272 401 1329; x_wconf 79' lang='grc' dir='ltr'><strong>ἐν</strong></span> <span class='ocrx_word' id='word_1_71' title='bbox 421 1263 563 1342; x_wconf 53' lang='grc' dir='ltr'><strong>Ἀθήναις</strong></span> <span class='ocrx_word' id='word_1_72' title='bbox 583 1268 722 1355; x_wconf 68' lang='grc' dir='ltr'><strong>ἄρχαιολ.</strong></span> <span class='ocrx_word' id='word_1_73' title='bbox 744 1265 873 1356; x_wconf 65' lang='grc' dir='ltr'><em>ἑταιρίας.</em></span> <span class='ocrx_word' id='word_1_74' title='bbox 895 1273 1023 1330; x_wconf 78' lang='lat' dir='ltr'><strong>Athenis</strong></span> <span class='ocrx_word' id='word_1_75' title='bbox 1047 1272 1136 1344; x_wconf 83' lang='lat'><strong>1860,</strong></span> <span class='ocrx_word' id='word_1_76' title='bbox 1157 1269 1202 1353; x_wconf 67' lang='lat' dir='ltr'><strong>cip.</strong></span> <span class='ocrx_word' id='word_1_77' title='bbox 1219 1273 1268 1345; x_wconf 85' lang='lat'><strong>39,</strong></span> <span class='ocrx_word' id='word_1_78' title='bbox 1291 1274 1420 1350; x_wconf 83' lang='lat' dir='ltr'><strong>eiusque</strong></span> <span class='ocrx_word' id='word_1_79' title='bbox 1444 1275 1540 1332; x_wconf 83' lang='lat' dir='ltr'><strong>verba</strong></span> 
     </span>
     <span class='ocr_line' id='line_1_9' title="bbox 205 1362 1540 1456; baseline 0 -26"><span class='ocrx_word' id='word_1_80' title='bbox 205 1373 249 1431; x_wconf 86' lang='lat' dir='ltr'><strong>ita</strong></span> <span class='ocrx_word' id='word_1_81' title='bbox 270 1390 304 1432; x_wconf 83' lang='lat' dir='ltr'><strong>se</strong></span> <span class='ocrx_word' id='word_1_82' title='bbox 324 1373 449 1432; x_wconf 81' lang='lat' dir='ltr'><strong>habent:</strong></span> <span class='ocrx_word' id='word_1_83' title='bbox 480 1367 513 1428; x_wconf 85' lang='lat'><strong>‘0</strong></span> <span class='ocrx_word' id='word_1_84' title='bbox 537 1365 624 1440; x_wconf 66' lang='grc' dir='ltr'>δῆμος</span> <span class='ocrx_word' id='word_1_85' title='bbox 641 1370 648 1447; x_wconf 94' lang='grc' dir='ltr'>Ι</span> <span class='ocrx_word' id='word_1_86' title='bbox 665 1362 751 1429; x_wconf 68' lang='grc' dir='ltr'>Γάιον</span> <span class='ocrx_word' id='word_1_87' title='bbox 768 1364 888 1430; x_wconf 68' lang='grc' dir='ltr'>Ἀσίνιον</span> <span class='ocrx_word' id='word_1_88' title='bbox 908 1372 913 1450; x_wconf 88' lang='grc' dir='ltr'>Ι</span> <span class='ocrx_word' id='word_1_89' title='bbox 930 1362 1016 1429; x_wconf 75' lang='grc' dir='ltr'><strong><em>Γαΐου</em></strong></span> <span class='ocrx_word' id='word_1_90' title='bbox 1036 1367 1084 1429; x_wconf 73' lang='grc' dir='ltr'><strong>ὁόν</strong></span> <span class='ocrx_word' id='word_1_91' title='bbox 1102 1372 1107 1449; x_wconf 94' lang='grc' dir='ltr'>Ι</span> <span class='ocrx_word' id='word_1_92' title='bbox 1126 1367 1285 1456; x_wconf 65' lang='grc' dir='ltr'><strong>στρατηγὼ</strong></span> <span class='ocrx_word' id='word_1_93' title='bbox 1303 1374 1308 1450; x_wconf 94' lang='grc' dir='ltr'>Ι</span> <span class='ocrx_word' id='word_1_94' title='bbox 1327 1364 1540 1450; x_wconf 71' lang='grc' dir='ltr'><strong>ἆποδεδειγμέ·</strong></span> 
     </span>
     <span class='ocr_line' id='line_1_10' title="bbox 206 1462 1538 1555; baseline 0.004 -27"><span class='ocrx_word' id='word_1_95' title='bbox 206 1494 251 1529; x_wconf 84' lang='grc' dir='ltr'><strong>νον</strong></span> <span class='ocrx_word' id='word_1_96' title='bbox 269 1472 275 1547; x_wconf 96' lang='grc' dir='ltr'>Ι</span> <span class='ocrx_word' id='word_1_97' title='bbox 294 1468 394 1555; x_wconf 71' lang='grc' dir='ltr'><em>ἀρετῆς</em></span> <span class='ocrx_word' id='word_1_98' title='bbox 414 1463 495 1529; x_wconf 68' lang='grc' dir='ltr'><strong>’ἕνεκα</strong></span> <span class='ocrx_word' id='word_1_99' title='bbox 520 1468 525 1551; x_wconf 95' lang='grc' dir='ltr'>Ι</span> <span class='ocrx_word' id='word_1_100' title='bbox 548 1462 595 1528; x_wconf 62' lang='grc' dir='ltr'><strong>καὶ</strong></span> <span class='ocrx_word' id='word_1_101' title='bbox 624 1463 732 1532; x_wconf 76' lang='lat' dir='ltr'><strong>stivct&#39;cec</strong></span> <span class='ocrx_word' id='word_1_102' title='bbox 755 1468 761 1551; x_wconf 97' lang='grc' dir='ltr'>Ι</span> <span class='ocrx_word' id='word_1_103' title='bbox 783 1475 835 1542; x_wconf 69' lang='grc' dir='ltr'><strong>τῆς</strong></span> <span class='ocrx_word' id='word_1_104' title='bbox 860 1472 899 1534; x_wconf 80' lang='lat' dir='ltr'><strong>sic</strong></span> <span class='ocrx_word' id='word_1_105' title='bbox 925 1466 1024 1530; x_wconf 81' lang='grc' dir='ltr'><em>ἑαυτδν</em></span> <span class='ocrx_word' id='word_1_106' title='bbox 1048 1468 1054 1552; x_wconf 98' lang='grc' dir='ltr'>Ι</span> <span class='ocrx_word' id='word_1_107' title='bbox 1079 1463 1228 1542; x_wconf 62' lang='grc' dir='ltr'><em>ἀνέθηκεν.</em></span> <span class='ocrx_word' id='word_1_108' title='bbox 1273 1473 1363 1533; x_wconf 80' lang='lat' dir='ltr'><strong>Hunc</strong></span> <span class='ocrx_word' id='word_1_109' title='bbox 1388 1475 1538 1533; x_wconf 82' lang='lat' dir='ltr'><strong>Asinium</strong></span> 
     </span>
     <span class='ocr_line' id='line_1_11' title="bbox 205 1572 1537 1650; baseline 0.001 -18"><span class='ocrx_word' id='word_1_110' title='bbox 205 1573 376 1632; x_wconf 86' lang='lat' dir='ltr'><strong>Pollionem</strong></span> <span class='ocrx_word' id='word_1_111' title='bbox 398 1572 594 1632; x_wconf 88' lang='lat' dir='ltr'><strong>Kumanudes</strong></span> <span class='ocrx_word' id='word_1_112' title='bbox 620 1590 687 1631; x_wconf 90' lang='lat' dir='ltr'><strong>esse</strong></span> <span class='ocrx_word' id='word_1_113' title='bbox 708 1573 773 1631; x_wconf 88' lang='lat' dir='ltr'><strong>vult</strong></span> <span class='ocrx_word' id='word_1_114' title='bbox 793 1573 922 1632; x_wconf 91' lang='lat' dir='ltr'><strong>nobilem</strong></span> <span class='ocrx_word' id='word_1_115' title='bbox 946 1573 1120 1648; x_wconf 83' lang='lat' dir='ltr'><strong>„politicum</strong></span> <span class='ocrx_word' id='word_1_116' title='bbox 1140 1583 1170 1632; x_wconf 89' lang='lat' dir='ltr'><strong>et</strong></span> <span class='ocrx_word' id='word_1_117' title='bbox 1190 1575 1398 1646; x_wconf 85' lang='lat' dir='ltr'><strong>historicum“,</strong></span> <span class='ocrx_word' id='word_1_118' title='bbox 1427 1593 1537 1650; x_wconf 89' lang='lat' dir='ltr'><strong>quam·</strong></span> 
     </span>
     <span class='ocr_line' id='line_1_12' title="bbox 205 1672 1536 1751; baseline 0 -19"><span class='ocrx_word' id='word_1_119' title='bbox 205 1676 342 1749; x_wconf 83' lang='lat' dir='ltr'><strong>quomis</strong></span> <span class='ocrx_word' id='word_1_120' title='bbox 365 1674 444 1749; x_wconf 86' lang='lat' dir='ltr'><strong>apud</strong></span> <span class='ocrx_word' id='word_1_121' title='bbox 465 1675 627 1749; x_wconf 83' lang='lat' dir='ltr'><strong>scriptores</strong></span> <span class='ocrx_word' id='word_1_122' title='bbox 645 1672 738 1732; x_wconf 79' lang='lat' dir='ltr'><strong>Gnaei</strong></span> <span class='ocrx_word' id='word_1_123' title='bbox 759 1672 839 1731; x_wconf 86' lang='lat' dir='ltr'><strong>filius</strong></span> <span class='ocrx_word' id='word_1_124' title='bbox 861 1672 984 1744; x_wconf 90' lang='lat' dir='ltr'><strong>dicatur,</strong></span> <span class='ocrx_word' id='word_1_125' title='bbox 1006 1692 1073 1732; x_wconf 91' lang='lat' dir='ltr'><strong>cum</strong></span> <span class='ocrx_word' id='word_1_126' title='bbox 1095 1675 1127 1732; x_wconf 93' lang='lat' dir='ltr'><strong>in</strong></span> <span class='ocrx_word' id='word_1_127' title='bbox 1147 1683 1249 1732; x_wconf 89' lang='lat' dir='ltr'><strong>nostro</strong></span> <span class='ocrx_word' id='word_1_128' title='bbox 1270 1675 1358 1733; x_wconf 92' lang='lat' dir='ltr'><strong>titulo</strong></span> <span class='ocrx_word' id='word_1_129' title='bbox 1381 1676 1536 1751; x_wconf 89' lang='lat' dir='ltr'><strong>scriptum</strong></span> 
     </span>
     <span class='ocr_line' id='line_1_13' title="bbox 206 1764 1536 1853; baseline 0.002 -21"><span class='ocrx_word' id='word_1_130' title='bbox 206 1776 247 1832; x_wconf 91' lang='lat' dir='ltr'><strong>sit</strong></span> <span class='ocrx_word' id='word_1_131' title='bbox 266 1766 351 1830; x_wconf 78' lang='lat' dir='ltr'><strong>ruico</strong></span> <span class='ocrx_word' id='word_1_132' title='bbox 375 1764 432 1830; x_wconf 75' lang='lat' dir='ltr'><strong>dc&#39;v.</strong></span> <span class='ocrx_word' id='word_1_133' title='bbox 476 1771 537 1832; x_wconf 90' lang='lat' dir='ltr'><strong>Sed</strong></span> <span class='ocrx_word' id='word_1_134' title='bbox 564 1791 600 1831; x_wconf 87' lang='lat' dir='ltr'><strong>ea</strong></span> <span class='ocrx_word' id='word_1_135' title='bbox 624 1774 692 1848; x_wconf 85' lang='lat' dir='ltr'><strong>ipsa</strong></span> <span class='ocrx_word' id='word_1_136' title='bbox 713 1775 749 1832; x_wconf 91' lang='lat' dir='ltr'><strong>de</strong></span> <span class='ocrx_word' id='word_1_137' title='bbox 775 1791 868 1832; x_wconf 89' lang='lat' dir='ltr'><strong>causa</strong></span> <span class='ocrx_word' id='word_1_138' title='bbox 888 1792 948 1832; x_wconf 91' lang='lat' dir='ltr'><strong>non</strong></span> <span class='ocrx_word' id='word_1_139' title='bbox 970 1774 1006 1832; x_wconf 88' lang='lat' dir='ltr'><strong>de</strong></span> <span class='ocrx_word' id='word_1_140' title='bbox 1028 1774 1135 1832; x_wconf 87' lang='lat' dir='ltr'><strong>Asinio</strong></span> <span class='ocrx_word' id='word_1_141' title='bbox 1155 1773 1294 1832; x_wconf 90' lang='lat' dir='ltr'><strong>Pollione</strong></span> <span class='ocrx_word' id='word_1_142' title='bbox 1314 1775 1536 1853; x_wconf 82' lang='lat' dir='ltr'><strong>intelligendus</strong></span> 
     </span>
     <span class='ocr_line' id='line_1_14' title="bbox 204 1872 1536 1943; baseline 0.002 -11"><span class='ocrx_word' id='word_1_143' title='bbox 204 1883 252 1932; x_wconf 90' lang='lat' dir='ltr'><strong>est</strong></span> <span class='ocrx_word' id='word_1_144' title='bbox 271 1874 388 1943; x_wconf 89' lang='lat' dir='ltr'><strong>titulus,</strong></span> <span class='ocrx_word' id='word_1_145' title='bbox 414 1873 468 1930; x_wconf 92' lang='lat' dir='ltr'><strong>sed</strong></span> <span class='ocrx_word' id='word_1_146' title='bbox 489 1875 528 1930; x_wconf 86' lang='lat' dir='ltr'><strong>ed</strong></span> <span class='ocrx_word' id='word_1_147' title='bbox 548 1873 637 1930; x_wconf 88' lang='lat' dir='ltr'><strong>huius</strong></span> <span class='ocrx_word' id='word_1_148' title='bbox 659 1873 753 1930; x_wconf 90' lang='lat' dir='ltr'><strong>filium</strong></span> <span class='ocrx_word' id='word_1_149' title='bbox 778 1875 808 1932; x_wconf 79' lang='lat'><strong>0.</strong></span> <span class='ocrx_word' id='word_1_150' title='bbox 832 1873 967 1931; x_wconf 82' lang='lat' dir='ltr'><strong>Asinium</strong></span> <span class='ocrx_word' id='word_1_151' title='bbox 991 1872 1108 1932; x_wconf 83' lang='lat' dir='ltr'><strong>Gallam</strong></span> <span class='ocrx_word' id='word_1_152' title='bbox 1129 1891 1189 1932; x_wconf 93' lang='lat' dir='ltr'><strong>cos.</strong></span> <span class='ocrx_word' id='word_1_153' title='bbox 1212 1874 1231 1933; x_wconf 89' lang='lat'>8</span> <span class='ocrx_word' id='word_1_154' title='bbox 1253 1894 1280 1932; x_wconf 92' lang='lat' dir='ltr'><strong>a.</strong></span> <span class='ocrx_word' id='word_1_155' title='bbox 1303 1872 1376 1933; x_wconf 86' lang='lat' dir='ltr'><strong>Chr.</strong></span> <span class='ocrx_word' id='word_1_156' title='bbox 1397 1876 1536 1934; x_wconf 82' lang='lat' dir='ltr'><strong>referen-</strong></span> 
     </span>
     <span class='ocr_line' id='line_1_15' title="bbox 204 1972 1536 2051; baseline 0.003 -20"><span class='ocrx_word' id='word_1_157' title='bbox 204 1974 275 2031; x_wconf 92' lang='lat' dir='ltr'><strong>dum</strong></span> <span class='ocrx_word' id='word_1_158' title='bbox 302 1990 369 2030; x_wconf 90' lang='lat' dir='ltr'><strong>esse</strong></span> <span class='ocrx_word' id='word_1_159' title='bbox 396 1972 643 2030; x_wconf 86' lang='lat' dir='ltr'><strong>verisimillimum</strong></span> <span class='ocrx_word' id='word_1_160' title='bbox 664 1981 724 2044; x_wconf 82' lang='lat' dir='ltr'><strong>est3</strong></span> <span class='ocrx_word' id='word_1_161' title='bbox 756 1972 800 2031; x_wconf 87' lang='lat' dir='ltr'><strong>ita</strong></span> <span class='ocrx_word' id='word_1_162' title='bbox 824 1973 994 2048; x_wconf 88' lang='lat' dir='ltr'><strong>inscriptio,</strong></span> <span class='ocrx_word' id='word_1_163' title='bbox 1028 1974 1139 2048; x_wconf 93' lang='lat' dir='ltr'><strong>quippe</strong></span> <span class='ocrx_word' id='word_1_164' title='bbox 1165 1992 1242 2049; x_wconf 86' lang='lat' dir='ltr'><strong>quae</strong></span> <span class='ocrx_word' id='word_1_165' title='bbox 1268 1992 1334 2031; x_wconf 93' lang='lat' dir='ltr'><strong>eum</strong></span> <span class='ocrx_word' id='word_1_166' title='bbox 1359 1982 1536 2051; x_wconf 88' lang='lat' dir='ltr'><strong>praetorem</strong></span> 
     </span>
     <span class='ocr_line' id='line_1_16' title="bbox 206 2071 1535 2150; baseline 0.004 -20"><span class='ocrx_word' id='word_1_167' title='bbox 206 2074 392 2150; x_wconf 84' lang='lat' dir='ltr'><strong>designatum</strong></span> <span class='ocrx_word' id='word_1_168' title='bbox 414 2082 509 2143; x_wconf 84' lang='lat' dir='ltr'><strong>vocet,</strong></span> <span class='ocrx_word' id='word_1_169' title='bbox 531 2091 610 2130; x_wconf 91' lang='lat' dir='ltr'><strong>anno</strong></span> <span class='ocrx_word' id='word_1_170' title='bbox 635 2071 672 2129; x_wconf 79' lang='lat'><strong>12</strong></span> <span class='ocrx_word' id='word_1_171' title='bbox 695 2081 747 2130; x_wconf 89' lang='lat' dir='ltr'><strong>aut</strong></span> <span class='ocrx_word' id='word_1_172' title='bbox 771 2073 806 2130; x_wconf 91' lang='lat' dir='ltr'><strong>ll</strong></span> <span class='ocrx_word' id='word_1_173' title='bbox 829 2090 856 2130; x_wconf 88' lang='lat' dir='ltr'><strong>a.</strong></span> <span class='ocrx_word' id='word_1_174' title='bbox 880 2071 950 2131; x_wconf 87' lang='lat' dir='ltr'><strong>Chr.</strong></span> <span class='ocrx_word' id='word_1_175' title='bbox 973 2073 1139 2148; x_wconf 91' lang='lat' dir='ltr'><strong>composita</strong></span> <span class='ocrx_word' id='word_1_176' title='bbox 1163 2073 1202 2130; x_wconf 89' lang='lat' dir='ltr'><strong>sit</strong></span> <span class='ocrx_word' id='word_1_177' title='bbox 1222 2091 1345 2133; x_wconf 88' lang='lat' dir='ltr'><strong>necesse</strong></span> <span class='ocrx_word' id='word_1_178' title='bbox 1366 2084 1424 2132; x_wconf 84' lang='lat' dir='ltr'><strong>est.</strong></span> <span class='ocrx_word' id='word_1_179' title='bbox 1473 2073 1535 2135; x_wconf 86' lang='lat' dir='ltr'><strong>Sed</strong></span> 
     </span>
     <span class='ocr_line' id='line_1_17' title="bbox 204 2172 1533 2250; baseline 0.003 -20"><span class='ocrx_word' id='word_1_180' title='bbox 204 2180 304 2250; x_wconf 90' lang='lat' dir='ltr'><strong>potest</strong></span> <span class='ocrx_word' id='word_1_181' title='bbox 326 2173 414 2229; x_wconf 90' lang='lat' dir='ltr'><strong>etiam</strong></span> <span class='ocrx_word' id='word_1_182' title='bbox 436 2172 560 2247; x_wconf 85' lang='lat' dir='ltr'><strong>cogitari</strong></span> <span class='ocrx_word' id='word_1_183' title='bbox 581 2172 617 2229; x_wconf 92' lang='lat' dir='ltr'><strong>de</strong></span> <span class='ocrx_word' id='word_1_184' title='bbox 639 2173 726 2230; x_wconf 91' lang='lat' dir='ltr'><strong>buius</strong></span> <span class='ocrx_word' id='word_1_185' title='bbox 747 2172 810 2230; x_wconf 86' lang='lat' dir='ltr'><strong>lilio</strong></span> <span class='ocrx_word' id='word_1_186' title='bbox 827 2173 858 2230; x_wconf 84' lang='lat' dir='ltr'><strong>C.</strong></span> <span class='ocrx_word' id='word_1_187' title='bbox 874 2172 977 2230; x_wconf 80' lang='lat' dir='ltr'><strong>Asinio</strong></span> <span class='ocrx_word' id='word_1_188' title='bbox 992 2174 1120 2231; x_wconf 82' lang='lat' dir='ltr'><strong>Pollione</strong></span> <span class='ocrx_word' id='word_1_189' title='bbox 1140 2173 1256 2231; x_wconf 89' lang='lat' dir='ltr'><strong>iuniore</strong></span> <span class='ocrx_word' id='word_1_190' title='bbox 1276 2190 1336 2231; x_wconf 89' lang='lat' dir='ltr'><strong>cos.</strong></span> <span class='ocrx_word' id='word_1_191' title='bbox 1352 2173 1391 2233; x_wconf 72' lang='lat'><strong>23</strong></span> <span class='ocrx_word' id='word_1_192' title='bbox 1408 2193 1442 2250; x_wconf 85' lang='lat' dir='ltr'><strong>p.</strong></span> <span class='ocrx_word' id='word_1_193' title='bbox 1459 2173 1533 2234; x_wconf 87' lang='lat' dir='ltr'><strong>Chr.</strong></span> 
     </span>
     <span class='ocr_line' id='line_1_18' title="bbox 205 2269 1534 2354; baseline 0.003 -24"><span class='ocrx_word' id='word_1_194' title='bbox 205 2274 292 2330; x_wconf 83' lang='lat' dir='ltr'><strong>Alter</strong></span> <span class='ocrx_word' id='word_1_195' title='bbox 313 2272 419 2330; x_wconf 92' lang='lat' dir='ltr'><strong>titulus</strong></span> <span class='ocrx_word' id='word_1_196' title='bbox 440 2290 459 2328; x_wconf 90' lang='lat' dir='ltr'><strong>a</strong></span> <span class='ocrx_word' id='word_1_197' title='bbox 479 2271 659 2330; x_wconf 88' lang='lat' dir='ltr'><strong>Kumanude</strong></span> <span class='ocrx_word' id='word_1_198' title='bbox 679 2273 711 2329; x_wconf 86' lang='lat' dir='ltr'><strong>in</strong></span> <span class='ocrx_word' id='word_1_199' title='bbox 732 2272 836 2331; x_wconf 87' lang='lat' dir='ltr'><strong>eodem</strong></span> <span class='ocrx_word' id='word_1_200' title='bbox 856 2272 957 2331; x_wconf 90' lang='lat' dir='ltr'><strong>libello</strong></span> <span class='ocrx_word' id='word_1_201' title='bbox 979 2269 1023 2354; x_wconf 71' lang='lat' dir='ltr'><strong>cip.</strong></span> <span class='ocrx_word' id='word_1_202' title='bbox 1047 2273 1086 2330; x_wconf 88' lang='grc'><strong>40</strong></span> <span class='ocrx_word' id='word_1_203' title='bbox 1108 2283 1138 2331; x_wconf 87' lang='lat' dir='ltr'><strong>et</strong></span> <span class='ocrx_word' id='word_1_204' title='bbox 1158 2292 1177 2330; x_wconf 91' lang='lat' dir='ltr'><strong>a</strong></span> <span class='ocrx_word' id='word_1_205' title='bbox 1195 2272 1355 2330; x_wconf 87' lang='lat' dir='ltr'><strong>Pittakisio</strong></span> <span class='ocrx_word' id='word_1_206' title='bbox 1375 2275 1408 2332; x_wconf 89' lang='lat' dir='ltr'><strong>in</strong></span> <span class='ocrx_word' id='word_1_207' title='bbox 1430 2275 1534 2352; x_wconf 86' lang='lat' dir='ltr'><strong>Ephe·</strong></span> 
     </span>
     <span class='ocr_line' id='line_1_19' title="bbox 204 2362 1535 2454; baseline 0.002 -23"><span class='ocrx_word' id='word_1_208' title='bbox 204 2373 316 2431; x_wconf 89' lang='lat' dir='ltr'><strong>meride</strong></span> <span class='ocrx_word' id='word_1_209' title='bbox 341 2371 568 2447; x_wconf 84' lang='lat' dir='ltr'><strong>archaeologica</strong></span> <span class='ocrx_word' id='word_1_210' title='bbox 594 2391 622 2428; x_wconf 93' lang='lat' dir='ltr'><strong>n.</strong></span> <span class='ocrx_word' id='word_1_211' title='bbox 645 2371 728 2429; x_wconf 84' lang='lat'>4080</span> <span class='ocrx_word' id='word_1_212' title='bbox 759 2372 857 2430; x_wconf 91' lang='lat' dir='ltr'><strong>editus</strong></span> <span class='ocrx_word' id='word_1_213' title='bbox 877 2368 911 2427; x_wconf 73' lang='grc' dir='ltr'><strong>ι0</strong></span> <span class='ocrx_word' id='word_1_214' title='bbox 934 2366 1020 2442; x_wconf 78' lang='grc' dir='ltr'><em>δῆμος</em></span> <span class='ocrx_word' id='word_1_215' title='bbox 1042 2370 1048 2447; x_wconf 97' lang='grc' dir='ltr'>Ι</span> <span class='ocrx_word' id='word_1_216' title='bbox 1074 2362 1197 2428; x_wconf 70' lang='grc' dir='ltr'>Πόπλιον</span> <span class='ocrx_word' id='word_1_217' title='bbox 1222 2363 1380 2454; x_wconf 68' lang='grc' dir='ltr'><strong>ΚορνήλιΙον</strong></span> <span class='ocrx_word' id='word_1_218' title='bbox 1400 2367 1535 2433; x_wconf 67' lang='grc' dir='ltr'>Ποπλίου</span> 
     </span>
     <span class='ocr_line' id='line_1_20' title="bbox 204 2460 1535 2554; baseline 0.004 -24"><span class='ocrx_word' id='word_1_219' title='bbox 204 2468 254 2531; x_wconf 74' lang='lat' dir='ltr'><strong>dlv</strong></span> <span class='ocrx_word' id='word_1_220' title='bbox 279 2462 485 2550; x_wconf 57' lang='grc' dir='ltr'><strong>ΔοΙλσιβέλλαν7</strong></span> <span class='ocrx_word' id='word_1_221' title='bbox 506 2465 674 2552; x_wconf 62' lang='grc' dir='ltr'><strong>στρατηΙγὲν</strong></span> <span class='ocrx_word' id='word_1_222' title='bbox 701 2467 801 2554; x_wconf 71' lang='grc' dir='ltr'><em>ἆρετῆς</em></span> <span class='ocrx_word' id='word_1_223' title='bbox 825 2460 924 2528; x_wconf 74' lang='grc' dir='ltr'><em>ἕνεκεν·</em></span> <span class='ocrx_word' id='word_1_224' title='bbox 970 2472 1070 2547; x_wconf 82' lang='lat' dir='ltr'><strong>Atque</strong></span> <span class='ocrx_word' id='word_1_225' title='bbox 1096 2472 1276 2531; x_wconf 84' lang='lat' dir='ltr'><strong>Pittakisius</strong></span> <span class='ocrx_word' id='word_1_226' title='bbox 1302 2472 1426 2548; x_wconf 85' lang='lat' dir='ltr'><strong>quidem</strong></span> <span class='ocrx_word' id='word_1_227' title='bbox 1455 2475 1535 2535; x_wconf 82' lang='lat' dir='ltr'><strong>nihil</strong></span> 
     </span>
     <span class='ocr_line' id='line_1_21' title="bbox 205 2570 1536 2648; baseline 0.001 -16"><span class='ocrx_word' id='word_1_228' title='bbox 205 2573 325 2632; x_wconf 91' lang='lat' dir='ltr'><strong>omnino</strong></span> <span class='ocrx_word' id='word_1_229' title='bbox 348 2571 386 2628; x_wconf 92' lang='lat' dir='ltr'><strong>de</strong></span> <span class='ocrx_word' id='word_1_230' title='bbox 407 2589 442 2629; x_wconf 90' lang='lat' dir='ltr'><strong>eo</strong></span> <span class='ocrx_word' id='word_1_231' title='bbox 464 2571 551 2628; x_wconf 92' lang='lat' dir='ltr'><strong>titulo</strong></span> <span class='ocrx_word' id='word_1_232' title='bbox 574 2571 655 2642; x_wconf 93' lang='lat' dir='ltr'><strong>dicit,</strong></span> <span class='ocrx_word' id='word_1_233' title='bbox 676 2570 871 2630; x_wconf 87' lang='lat' dir='ltr'><strong>Kumanndes</strong></span> <span class='ocrx_word' id='word_1_234' title='bbox 894 2589 975 2643; x_wconf 84' lang='lat' dir='ltr'><strong>vero,</strong></span> <span class='ocrx_word' id='word_1_235' title='bbox 997 2573 1086 2630; x_wconf 91' lang='lat' dir='ltr'><strong>homo</strong></span> <span class='ocrx_word' id='word_1_236' title='bbox 1114 2579 1143 2630; x_wconf 87' lang='lat' dir='ltr'><strong>et</strong></span> <span class='ocrx_word' id='word_1_237' title='bbox 1164 2572 1318 2648; x_wconf 84' lang='lat' dir='ltr'><strong>diligentia</strong></span> <span class='ocrx_word' id='word_1_238' title='bbox 1341 2581 1371 2632; x_wconf 86' lang='lat' dir='ltr'><strong>et</strong></span> <span class='ocrx_word' id='word_1_239' title='bbox 1391 2573 1536 2635; x_wconf 87' lang='lat' dir='ltr'><strong>doctrina</strong></span> 
     </span>
     <span class='ocr_line' id='line_1_22' title="bbox 204 2670 1535 2751; baseline 0.004 -20"><span class='ocrx_word' id='word_1_240' title='bbox 204 2674 348 2749; x_wconf 83' lang='lat' dir='ltr'><strong>insignis,</strong></span> <span class='ocrx_word' id='word_1_241' title='bbox 372 2672 452 2729; x_wconf 91' lang='lat' dir='ltr'><strong>hunc</strong></span> <span class='ocrx_word' id='word_1_242' title='bbox 477 2670 669 2728; x_wconf 79' lang='lat' dir='ltr'><strong>Dolabellam</strong></span> <span class='ocrx_word' id='word_1_243' title='bbox 696 2672 842 2747; x_wconf 86' lang='lat' dir='ltr'><strong>collegam</strong></span> <span class='ocrx_word' id='word_1_244' title='bbox 863 2672 989 2730; x_wconf 91' lang='lat' dir='ltr'><strong>Antonii</strong></span> <span class='ocrx_word' id='word_1_245' title='bbox 1016 2672 1047 2729; x_wconf 93' lang='lat' dir='ltr'><strong>in</strong></span> <span class='ocrx_word' id='word_1_246' title='bbox 1075 2673 1233 2731; x_wconf 88' lang='lat' dir='ltr'><strong>consulatu</strong></span> <span class='ocrx_word' id='word_1_247' title='bbox 1255 2673 1311 2747; x_wconf 85' lang='lat'><strong>(44</strong></span> <span class='ocrx_word' id='word_1_248' title='bbox 1331 2691 1359 2731; x_wconf 89' lang='lat' dir='ltr'><strong>a.</strong></span> <span class='ocrx_word' id='word_1_249' title='bbox 1382 2671 1476 2751; x_wconf 77' lang='lat' dir='ltr'><strong>cnr.)</strong></span> <span class='ocrx_word' id='word_1_250' title='bbox 1503 2687 1535 2736; x_wconf 89' lang='lat' dir='ltr'><strong>et</strong></span> 
     </span>
     <span class='ocr_line' id='line_1_23' title="bbox 203 2769 1534 2852; baseline 0.002 -20"><span class='ocrx_word' id='word_1_251' title='bbox 203 2791 345 2851; x_wconf 80' lang='lat' dir='ltr'><strong>generum</strong></span> <span class='ocrx_word' id='word_1_252' title='bbox 367 2769 521 2829; x_wconf 86' lang='lat' dir='ltr'><strong>Ciceronis</strong></span> <span class='ocrx_word' id='word_1_253' title='bbox 542 2788 611 2829; x_wconf 89' lang='lat' dir='ltr'><strong>esse</strong></span> <span class='ocrx_word' id='word_1_254' title='bbox 631 2770 704 2829; x_wconf 86' lang='lat' dir='ltr'><strong>vult.</strong></span> <span class='ocrx_word' id='word_1_255' title='bbox 749 2770 818 2844; x_wconf 82' lang='lat' dir='ltr'><strong>Qua</strong></span> <span class='ocrx_word' id='word_1_256' title='bbox 845 2774 877 2830; x_wconf 93' lang='lat' dir='ltr'><strong>in</strong></span> <span class='ocrx_word' id='word_1_257' title='bbox 900 2792 933 2829; x_wconf 90' lang='lat' dir='ltr'><strong>re</strong></span> <span class='ocrx_word' id='word_1_258' title='bbox 955 2781 1054 2831; x_wconf 88' lang='lat' dir='ltr'><strong>tamen</strong></span> <span class='ocrx_word' id='word_1_259' title='bbox 1074 2774 1198 2831; x_wconf 87' lang='lat' dir='ltr'><strong>erravit:</strong></span> <span class='ocrx_word' id='word_1_260' title='bbox 1228 2790 1297 2830; x_wconf 89' lang='lat' dir='ltr'><strong>nam</strong></span> <span class='ocrx_word' id='word_1_261' title='bbox 1323 2773 1411 2832; x_wconf 91' lang='lat' dir='ltr'><strong>illum</strong></span> <span class='ocrx_word' id='word_1_262' title='bbox 1442 2794 1534 2852; x_wconf 85' lang='lat' dir='ltr'><strong>prae·</strong></span> 
     </span>
     <span class='ocr_line' id='line_1_24' title="bbox 204 2871 1535 2948; baseline 0.005 -17"><span class='ocrx_word' id='word_1_263' title='bbox 204 2882 298 2931; x_wconf 92' lang='lat' dir='ltr'><strong>torem</strong></span> <span class='ocrx_word' id='word_1_264' title='bbox 325 2889 386 2928; x_wconf 93' lang='lat' dir='ltr'><strong>non</strong></span> <span class='ocrx_word' id='word_1_265' title='bbox 411 2871 521 2943; x_wconf 88' lang='lat' dir='ltr'><strong>luisse,</strong></span> <span class='ocrx_word' id='word_1_266' title='bbox 556 2871 609 2928; x_wconf 89' lang='lat' dir='ltr'><strong>sed</strong></span> <span class='ocrx_word' id='word_1_267' title='bbox 634 2872 749 2929; x_wconf 90' lang='lat' dir='ltr'><strong>omissa</strong></span> <span class='ocrx_word' id='word_1_268' title='bbox 769 2880 912 2948; x_wconf 88' lang='lat' dir='ltr'><strong>praetura</strong></span> <span class='ocrx_word' id='word_1_269' title='bbox 938 2873 1038 2932; x_wconf 90' lang='lat' dir='ltr'><strong>statim</strong></span> <span class='ocrx_word' id='word_1_270' title='bbox 1072 2873 1110 2929; x_wconf 88' lang='lat' dir='ltr'><strong>ed</strong></span> <span class='ocrx_word' id='word_1_271' title='bbox 1139 2873 1328 2930; x_wconf 87' lang='lat' dir='ltr'><strong>consulatum</strong></span> <span class='ocrx_word' id='word_1_272' title='bbox 1353 2878 1535 2948; x_wconf 85' lang='lat' dir='ltr'><strong>pervenisse</strong></span> 
     </span>
     <span class='ocr_line' id='line_1_25' title="bbox 203 2969 1535 3048; baseline 0.005 -20"><span class='ocrx_word' id='word_1_273' title='bbox 203 2971 338 3048; x_wconf 89' lang='lat' dir='ltr'><strong>Appiani</strong></span> <span class='ocrx_word' id='word_1_274' title='bbox 363 2979 393 3028; x_wconf 92' lang='lat' dir='ltr'><strong>et</strong></span> <span class='ocrx_word' id='word_1_275' title='bbox 419 2969 529 3029; x_wconf 87' lang='lat' dir='ltr'><strong>Dionis</strong></span> <span class='ocrx_word' id='word_1_276' title='bbox 556 2972 735 3029; x_wconf 85' lang='lat' dir='ltr'><strong>testimoniis</strong></span> <span class='ocrx_word' id='word_1_277' title='bbox 763 2980 881 3030; x_wconf 90' lang='lat' dir='ltr'><strong>constat</strong></span> <span class='ocrx_word' id='word_1_278' title='bbox 912 2973 965 3047; x_wconf 85' lang='lat' dir='ltr'><strong>(cl.</strong></span> <span class='ocrx_word' id='word_1_279' title='bbox 992 2973 1174 3044; x_wconf 88' lang='lat' dir='ltr'><strong>Mommsen,</strong></span> <span class='ocrx_word' id='word_1_280' title='bbox 1208 2973 1278 3030; x_wconf 80' lang='lat' dir='ltr'><strong>rdm.</strong></span> <span class='ocrx_word' id='word_1_281' title='bbox 1307 2972 1535 3035; x_wconf 81' lang='lat' dir='ltr'><strong>Stoatereebtl</strong></span> 
     </span>
     <span class='ocr_line' id='line_1_26' title="bbox 203 3067 1534 3150; baseline 0.008 -24"><span class='ocrx_word' id='word_1_282' title='bbox 203 3091 232 3146; x_wconf 89' lang='lat' dir='ltr'><strong>p.</strong></span> <span class='ocrx_word' id='word_1_283' title='bbox 256 3070 340 3143; x_wconf 84' lang='lat'><strong><em>443).</em></strong></span> <span class='ocrx_word' id='word_1_284' title='bbox 377 3067 479 3142; x_wconf 83' lang='lat' dir='ltr'><strong>Quare</strong></span> <span class='ocrx_word' id='word_1_285' title='bbox 499 3070 690 3128; x_wconf 86' lang='lat' dir='ltr'><strong>Dolabellam</strong></span> <span class='ocrx_word' id='word_1_286' title='bbox 707 3081 878 3145; x_wconf 79' lang='lat' dir='ltr'><strong>praetorem,</strong></span> <span class='ocrx_word' id='word_1_287' title='bbox 900 3073 952 3146; x_wconf 89' lang='lat' dir='ltr'><strong>qui</strong></span> <span class='ocrx_word' id='word_1_288' title='bbox 973 3074 1005 3129; x_wconf 91' lang='lat' dir='ltr'><strong>in</strong></span> <span class='ocrx_word' id='word_1_289' title='bbox 1025 3072 1113 3130; x_wconf 91' lang='lat' dir='ltr'><strong>titulo</strong></span> <span class='ocrx_word' id='word_1_290' title='bbox 1130 3073 1232 3130; x_wconf 92' lang='lat' dir='ltr'><strong>Attico</strong></span> <span class='ocrx_word' id='word_1_291' title='bbox 1254 3083 1310 3144; x_wconf 90' lang='lat' dir='ltr'><strong>est,</strong></span> <span class='ocrx_word' id='word_1_292' title='bbox 1331 3075 1438 3150; x_wconf 90' lang='lat' dir='ltr'><strong>potius</strong></span> <span class='ocrx_word' id='word_1_293' title='bbox 1460 3093 1534 3136; x_wconf 91' lang='lat' dir='ltr'><strong>con·</strong></span> 
     </span>
     <span class='ocr_line' id='line_1_27' title="bbox 204 3160 1539 3246; baseline 0.005 -17"><span class='ocrx_word' id='word_1_294' title='bbox 204 3170 301 3229; x_wconf 91' lang='lat' dir='ltr'><strong>sulem</strong></span> <span class='ocrx_word' id='word_1_295' title='bbox 322 3170 393 3228; x_wconf 88' lang='lat' dir='ltr'><strong>anni</strong></span> <span class='ocrx_word' id='word_1_296' title='bbox 417 3171 455 3227; x_wconf 92' lang='lat'><strong>10</strong></span> <span class='ocrx_word' id='word_1_297' title='bbox 475 3188 505 3243; x_wconf 93' lang='lat' dir='ltr'><strong>p.</strong></span> <span class='ocrx_word' id='word_1_298' title='bbox 529 3167 599 3227; x_wconf 89' lang='lat' dir='ltr'><strong>Chr.</strong></span> <span class='ocrx_word' id='word_1_299' title='bbox 622 3186 689 3227; x_wconf 91' lang='lat' dir='ltr'><strong>esse</strong></span> <span class='ocrx_word' id='word_1_300' title='bbox 710 3180 793 3246; x_wconf 90' lang='lat' dir='ltr'><strong>puto,</strong></span> <span class='ocrx_word' id='word_1_301' title='bbox 815 3189 904 3245; x_wconf 88' lang='lat' dir='ltr'><strong>quem</strong></span> <span class='ocrx_word' id='word_1_302' title='bbox 928 3170 1010 3229; x_wconf 90' lang='lat' dir='ltr'><strong>illius</strong></span> <span class='ocrx_word' id='word_1_303' title='bbox 1032 3171 1125 3229; x_wconf 85' lang='lat' dir='ltr'><strong>filium</strong></span> <span class='ocrx_word' id='word_1_304' title='bbox 1146 3173 1243 3231; x_wconf 82' lang='lat' dir='ltr'><strong>fuisse</strong></span> <span class='ocrx_word' id='word_1_305' title='bbox 1264 3173 1328 3230; x_wconf 86' lang='lat' dir='ltr'><strong>veri</strong></span> <span class='ocrx_word' id='word_1_306' title='bbox 1348 3173 1453 3234; x_wconf 85' lang='lat' dir='ltr'><strong>simile</strong></span> <span class='ocrx_word' id='word_1_307' title='bbox 1473 3160 1539 3236; x_wconf 59' lang='lat' dir='ltr'><strong>est.n</strong></span> 
     </span>
     <span class='ocr_line' id='line_1_28' title="bbox 203 3269 1535 3347; baseline 0.005 -18"><span class='ocrx_word' id='word_1_308' title='bbox 203 3270 279 3329; x_wconf 92' lang='lat' dir='ltr'><strong>Post</strong></span> <span class='ocrx_word' id='word_1_309' title='bbox 299 3287 366 3326; x_wconf 88' lang='lat' dir='ltr'><strong>eum</strong></span> <span class='ocrx_word' id='word_1_310' title='bbox 389 3287 448 3327; x_wconf 92' lang='lat' dir='ltr'><strong>non</strong></span> <span class='ocrx_word' id='word_1_311' title='bbox 470 3269 568 3326; x_wconf 92' lang='lat' dir='ltr'><strong>solum</strong></span> <span class='ocrx_word' id='word_1_312' title='bbox 590 3270 641 3344; x_wconf 92' lang='lat' dir='ltr'><strong>qui</strong></span> <span class='ocrx_word' id='word_1_313' title='bbox 663 3287 741 3327; x_wconf 91' lang='lat' dir='ltr'><strong>unns</strong></span> <span class='ocrx_word' id='word_1_314' title='bbox 756 3269 801 3347; x_wconf 85' lang='lat' dir='ltr'><strong>¹ad</strong></span> <span class='ocrx_word' id='word_1_315' title='bbox 823 3270 1009 3328; x_wconf 90' lang='lat' dir='ltr'><strong>consulatum</strong></span> <span class='ocrx_word' id='word_1_316' title='bbox 1030 3274 1166 3346; x_wconf 87' lang='lat' dir='ltr'><strong>pervenit</strong></span> <span class='ocrx_word' id='word_1_317' title='bbox 1187 3270 1344 3331; x_wconf 87' lang='lat' dir='ltr'><strong>Cornelius</strong></span> <span class='ocrx_word' id='word_1_318' title='bbox 1363 3272 1535 3335; x_wconf 83' lang='lat' dir='ltr'><strong>Dolabella</strong></span> 
     </span>
     <span class='ocr_line' id='line_1_29' title="bbox 203 3366 1534 3448; baseline 0.008 -22"><span class='ocrx_word' id='word_1_319' title='bbox 203 3368 258 3445; x_wconf 85' lang='grc'><strong>(86</strong></span> <span class='ocrx_word' id='word_1_320' title='bbox 280 3387 308 3444; x_wconf 91' lang='lat' dir='ltr'><strong>p.</strong></span> <span class='ocrx_word' id='word_1_321' title='bbox 333 3366 429 3444; x_wconf 74' lang='lat' dir='ltr'><strong>Chr),</strong></span> <span class='ocrx_word' id='word_1_322' title='bbox 451 3371 502 3443; x_wconf 93' lang='lat' dir='ltr'><strong>qui</strong></span> <span class='ocrx_word' id='word_1_323' title='bbox 522 3369 604 3427; x_wconf 90' lang='lat' dir='ltr'><strong>illius</strong></span> <span class='ocrx_word' id='word_1_324' title='bbox 625 3387 718 3445; x_wconf 89' lang='lat' dir='ltr'><strong>nepos</strong></span> <span class='ocrx_word' id='word_1_325' title='bbox 741 3371 808 3427; x_wconf 89' lang='lat' dir='ltr'><strong>sine</strong></span> <span class='ocrx_word' id='word_1_326' title='bbox 829 3369 918 3427; x_wconf 93' lang='lat' dir='ltr'><strong>dubio</strong></span> <span class='ocrx_word' id='word_1_327' title='bbox 938 3369 1004 3440; x_wconf 88' lang='lat' dir='ltr'><strong>fuit,</strong></span> <span class='ocrx_word' id='word_1_328' title='bbox 1026 3371 1121 3429; x_wconf 80' lang='lat' dir='ltr'><strong>Servii</strong></span> <span class='ocrx_word' id='word_1_329' title='bbox 1140 3389 1322 3447; x_wconf 83' lang='lat' dir='ltr'><strong>praenomen</strong></span> <span class='ocrx_word' id='word_1_330' title='bbox 1343 3373 1452 3448; x_wconf 80' lang='lat' dir='ltr'><strong>gessit,</strong></span> <span class='ocrx_word' id='word_1_331' title='bbox 1475 3377 1534 3436; x_wconf 81' lang='lat' dir='ltr'><strong>sed</strong></span> 
     </span>
     <span class='ocr_line' id='line_1_30' title="bbox 202 3469 1532 3546; baseline 0.005 -18"><span class='ocrx_word' id='word_1_332' title='bbox 202 3470 292 3528; x_wconf 90' lang='lat' dir='ltr'><strong>etiam</strong></span> <span class='ocrx_word' id='word_1_333' title='bbox 320 3470 408 3526; x_wconf 88' lang='lat' dir='ltr'><strong>buius</strong></span> <span class='ocrx_word' id='word_1_334' title='bbox 435 3476 565 3545; x_wconf 85' lang='lat' dir='ltr'><strong>patrem,</strong></span> <span class='ocrx_word' id='word_1_335' title='bbox 594 3469 676 3526; x_wconf 93' lang='lat' dir='ltr'><strong>illius</strong></span> <span class='ocrx_word' id='word_1_336' title='bbox 702 3469 794 3528; x_wconf 85' lang='lat' dir='ltr'><strong>filium</strong></span> <span class='ocrx_word' id='word_1_337' title='bbox 821 3469 927 3528; x_wconf 91' lang='lat' dir='ltr'><strong>eodem</strong></span> <span class='ocrx_word' id='word_1_338' title='bbox 951 3471 1145 3546; x_wconf 88' lang='lat' dir='ltr'><strong>praenomine</strong></span> <span class='ocrx_word' id='word_1_339' title='bbox 1166 3488 1254 3529; x_wconf 89' lang='lat' dir='ltr'><strong>usum</strong></span> <span class='ocrx_word' id='word_1_340' title='bbox 1275 3488 1353 3544; x_wconf 88' lang='lat' dir='ltr'><strong>esse,</strong></span> <span class='ocrx_word' id='word_1_341' title='bbox 1375 3491 1415 3531; x_wconf 86' lang='lat' dir='ltr'><strong>ex</strong></span> <span class='ocrx_word' id='word_1_342' title='bbox 1437 3476 1532 3534; x_wconf 85' lang='lat' dir='ltr'><strong>titulo</strong></span> 
     </span>
     <span class='ocr_line' id='line_1_31' title="bbox 202 3567 1533 3645; baseline 0.006 -17"><span class='ocrx_word' id='word_1_343' title='bbox 202 3567 447 3628; x_wconf 88' lang='lat' dir='ltr'><strong>Orelli-Henzen</strong></span> <span class='ocrx_word' id='word_1_344' title='bbox 474 3568 554 3627; x_wconf 85' lang='grc'>5999</span> <span class='ocrx_word' id='word_1_345' title='bbox 582 3577 722 3645; x_wconf 86' lang='lat' dir='ltr'><strong>apparet,</strong></span> <span class='ocrx_word' id='word_1_346' title='bbox 753 3570 804 3627; x_wconf 91' lang='lat' dir='ltr'><strong>ubi</strong></span> <span class='ocrx_word' id='word_1_347' title='bbox 833 3570 939 3627; x_wconf 88' lang='lat' dir='ltr'><strong>consul</strong></span> <span class='ocrx_word' id='word_1_348' title='bbox 965 3571 1036 3628; x_wconf 89' lang='lat' dir='ltr'><strong>anni</strong></span> <span class='ocrx_word' id='word_1_349' title='bbox 1066 3570 1105 3629; x_wconf 89' lang='lat'><strong>86</strong></span> <span class='ocrx_word' id='word_1_350' title='bbox 1134 3582 1256 3630; x_wconf 84' lang='lat' dir='ltr'><strong>vocatur</strong></span> <span class='ocrx_word' id='word_1_351' title='bbox 1282 3569 1346 3630; x_wconf 83' lang='lat' dir='ltr'><strong>Ser.</strong></span> <span class='ocrx_word' id='word_1_352' title='bbox 1374 3570 1533 3636; x_wconf 71' lang='lat' dir='ltr'><strong>Cometes</strong></span> 
     </span>
     <span class='ocr_line' id='line_1_32' title="bbox 203 3667 1532 3746; baseline 0.006 -18"><span class='ocrx_word' id='word_1_353' title='bbox 203 3668 266 3728; x_wconf 84' lang='lat' dir='ltr'><strong>Ser.</strong></span> <span class='ocrx_word' id='word_1_354' title='bbox 288 3670 316 3742; x_wconf 81' lang='lat' dir='ltr'><strong>f.</strong></span> <span class='ocrx_word' id='word_1_355' title='bbox 343 3669 377 3725; x_wconf 91' lang='lat' dir='ltr'><strong>P.</strong></span> <span class='ocrx_word' id='word_1_356' title='bbox 400 3687 462 3742; x_wconf 79' lang='lat' dir='ltr'><strong>nep.</strong></span> <span class='ocrx_word' id='word_1_357' title='bbox 485 3668 520 3724; x_wconf 88' lang='lat' dir='ltr'><strong>P.</strong></span> <span class='ocrx_word' id='word_1_358' title='bbox 543 3687 629 3742; x_wconf 81' lang='lat' dir='ltr'><strong>pron.</strong></span> <span class='ocrx_word' id='word_1_359' title='bbox 651 3667 688 3726; x_wconf 92' lang='lat' dir='ltr'><strong>P.</strong></span> <span class='ocrx_word' id='word_1_360' title='bbox 710 3669 776 3727; x_wconf 80' lang='lat' dir='ltr'><strong>aba.</strong></span> <span class='ocrx_word' id='word_1_361' title='bbox 802 3669 959 3728; x_wconf 80' lang='lat' dir='ltr'><strong>Dolabella</strong></span> <span class='ocrx_word' id='word_1_362' title='bbox 980 3669 1149 3729; x_wconf 81' lang='lat' dir='ltr'><strong>Metilionue</strong></span> <span class='ocrx_word' id='word_1_363' title='bbox 1175 3670 1329 3746; x_wconf 81' lang='lat' dir='ltr'><strong>Pompeius</strong></span> <span class='ocrx_word' id='word_1_364' title='bbox 1349 3671 1532 3736; x_wconf 79' lang='lat' dir='ltr'><strong>Marcellus.</strong></span> 
     </span>
     <span class='ocr_line' id='line_1_33' title="bbox 203 3765 1534 3848; baseline 0.008 -23"><span class='ocrx_word' id='word_1_365' title='bbox 203 3765 302 3840; x_wconf 82' lang='lat' dir='ltr'><strong>Quum</strong></span> <span class='ocrx_word' id='word_1_366' title='bbox 330 3767 422 3842; x_wconf 83' lang='lat' dir='ltr'><strong>igitur</strong></span> <span class='ocrx_word' id='word_1_367' title='bbox 448 3767 553 3824; x_wconf 92' lang='lat' dir='ltr'><strong>consul</strong></span> <span class='ocrx_word' id='word_1_368' title='bbox 580 3768 650 3825; x_wconf 91' lang='lat' dir='ltr'><strong>anni</strong></span> <span class='ocrx_word' id='word_1_369' title='bbox 679 3768 717 3825; x_wconf 90' lang='lat'><strong>10</strong></span> <span class='ocrx_word' id='word_1_370' title='bbox 738 3785 767 3842; x_wconf 93' lang='lat' dir='ltr'><strong>p.</strong></span> <span class='ocrx_word' id='word_1_371' title='bbox 791 3765 862 3826; x_wconf 92' lang='lat' dir='ltr'><strong>Chr.</strong></span> <span class='ocrx_word' id='word_1_372' title='bbox 888 3770 1113 3830; x_wconf 87' lang='lat' dir='ltr'><strong>recentissimus</strong></span> <span class='ocrx_word' id='word_1_373' title='bbox 1140 3787 1208 3830; x_wconf 89' lang='lat' dir='ltr'><strong>esse</strong></span> <span class='ocrx_word' id='word_1_374' title='bbox 1234 3770 1384 3842; x_wconf 88' lang='lat' dir='ltr'><strong>videatur,</strong></span> <span class='ocrx_word' id='word_1_375' title='bbox 1410 3775 1469 3848; x_wconf 89' lang='lat' dir='ltr'><strong>qui</strong></span> <span class='ocrx_word' id='word_1_376' title='bbox 1496 3776 1534 3835; x_wconf 88' lang='lat' dir='ltr'><strong>in</strong></span> 
     </span>
     <span class='ocr_line' id='line_1_34' title="bbox 200 3864 1533 3943; baseline 0.009 -20"><span class='ocrx_word' id='word_1_377' title='bbox 200 3868 257 3925; x_wconf 91' lang='lat' dir='ltr'><strong>hac</strong></span> <span class='ocrx_word' id='word_1_378' title='bbox 278 3867 375 3940; x_wconf 82' lang='lat' dir='ltr'><strong>gentis</strong></span> <span class='ocrx_word' id='word_1_379' title='bbox 397 3864 555 3926; x_wconf 82' lang='lat' dir='ltr'><strong>Corneliae</strong></span> <span class='ocrx_word' id='word_1_380' title='bbox 576 3866 669 3943; x_wconf 87' lang='lat' dir='ltr'><strong>stirpe</strong></span> <span class='ocrx_word' id='word_1_381' title='bbox 688 3865 810 3926; x_wconf 81' lang='lat' dir='ltr'><strong>Publica</strong></span> <span class='ocrx_word' id='word_1_382' title='bbox 832 3868 1002 3929; x_wconf 88' lang='lat' dir='ltr'><strong>nominatus</strong></span> <span class='ocrx_word' id='word_1_383' title='bbox 1022 3869 1127 3941; x_wconf 86' lang='lat' dir='ltr'><strong>fuerit,</strong></span> <span class='ocrx_word' id='word_1_384' title='bbox 1155 3871 1183 3929; x_wconf 88' lang='lat' dir='ltr'><strong>ei</strong></span> <span class='ocrx_word' id='word_1_385' title='bbox 1204 3871 1308 3930; x_wconf 88' lang='lat' dir='ltr'><strong>titulus</strong></span> <span class='ocrx_word' id='word_1_386' title='bbox 1329 3871 1452 3933; x_wconf 86' lang='lat' dir='ltr'><strong>Atticus</strong></span> <span class='ocrx_word' id='word_1_387' title='bbox 1476 3875 1533 3935; x_wconf 85' lang='lat' dir='ltr'><strong>ad·</strong></span> 
     </span>
     <span class='ocr_line' id='line_1_35' title="bbox 201 3963 461 4024; baseline -0.004 0"><span class='ocrx_word' id='word_1_388' title='bbox 201 3963 375 4024; x_wconf 86' lang='lat' dir='ltr'><strong>scribendus</strong></span> <span class='ocrx_word' id='word_1_389' title='bbox 396 3965 461 4023; x_wconf 83' lang='lat' dir='ltr'><strong>crit</strong></span> 
     </span>
    </p>
   </div>
   <div class='ocr_carea' id='block_1_3' title="bbox 1061 4223 1317 4285">
    <p class='ocr_par' dir='ltr' id='par_1_4' title="bbox 1061 4223 1317 4285">
     <span class='ocr_line' id='line_1_36' title="bbox 1061 4223 1317 4285; baseline -0.004 -3"><span class='ocrx_word' id='word_1_390' title='bbox 1061 4223 1317 4285; x_wconf 78' lang='lat' dir='ltr'><strong>Dirrsusuuosn.</strong></span> 
     </span>
    </p>
   </div>
   <div class='ocr_carea' id='block_1_4' title="bbox 0 0 1744 5804">
    <p class='ocr_par' dir='ltr' id='par_1_5' title="bbox 0 0 1744 5804">
     <span class='ocr_line' id='line_1_37' title="bbox 0 0 1744 5804; baseline 0 2"><span class='ocrx_word' id='word_1_391' title='bbox 0 0 1744 5804; x_wconf 95' lang='lat' dir='ltr'><strong> </strong></span> 
     </span>
    </p>
   </div>
  </div>
 </body>
</html>
