3480 5804
598 485 897 539 osssnvnrronss
914 487 1034 539 nmen.
1053 487 1129 542 xrv,
1456 470 1503 541 27
1509 474 1529 544 7

202 678 292 737 quam
319 657 463 727 affirmet,
491 656 563 714 mihi
592 658 742 716 contraria
763 659 911 717 sententia
932 661 1027 735 magis
1048 660 1155 736 placet.
1194 655 1314 718 Scilicet
1335 677 1401 717 curn
1422 662 1453 719 in
1475 663 1530 721 im·

202 761 294 838 periis
322 759 369 817 sui
398 759 470 817 iuris
496 758 523 816 is
549 758 646 817 honor
672 775 790 837 semper
814 760 991 836 pependerit
1016 780 1036 818 a
1060 759 1275 818 dominantium
1301 760 1425 819 arbitrio
1450 781 1531 822 cum·

203 881 260 939 que
287 870 317 919 et
342 878 428 937 reges
449 859 581 935 Aegypti
609 866 639 918 et
659 860 856 938 imperatores
878 861 1006 919 Romam
1033 868 1063 918 et
1088 861 1140 919 alii
1161 860 1275 936 passim
1304 879 1372 918 cum
1395 863 1456 921 suis
1478 882 1533 942 pro

201 962 299 1020 lubitu
320 959 581 1031 communicarint,
608 979 694 1037 reges
715 963 841 1038 imperio
864 961 1000 1019 Romano
1022 960 1131 1020 subditi
1152 961 1218 1019 iure
1239 962 1403 1022 constituto
1425 965 1496 1022 certi
1504 984 1532 1023 s·

203 1081 262 1138 que
277 1063 395 1140 legibus
409 1061 496 1119 dictis
518 1080 585 1119 cum
606 1061 716 1121 italus
738 1081 925 1122 nummorum
940 1061 1139 1119 feriendorum
1160 1062 1331 1133 retinerent,
1353 1074 1386 1121 ut
1405 1066 1533 1140 impera-

202 1172 284 1222 tores
309 1164 347 1221 iis
368 1168 590 1231 concesserant,
618 1161 713 1220 libero
734 1162 864 1221 nominis
887 1163 966 1221 alius
987 1181 1076 1238 quam
1098 1162 1145 1221 sui
1167 1164 1296 1220 nummis
1318 1162 1464 1223 inferendi
1486 1186 1532 1224 ar-

202 1264 292 1321 bitrio
314 1263 452 1320 videntur
472 1263 616 1320 caruisse.
650 1260 738 1322 Certe
752 1271 872 1339 praeter
894 1263 948 1322 has
971 1263 1131 1339 dequibus
1153 1264 1272 1340 agimus
1294 1265 1434 1322 mulieres
1455 1267 1532 1324 duae

203 1364 285 1422 solae
308 1365 337 1421 in
360 1363 488 1421 nummis
508 1380 668 1438 regnorum
689 1365 814 1440 imperio
836 1363 974 1422 Romano
995 1364 1181 1423 subditorum
1204 1373 1387 1438 comparent,
1414 1363 1532 1442 Gepae-

133 1490 137 1498 ·
205 1465 289 1542 pyris
304 1464 407 1540 regina
422 1481 498 1521 uxor
512 1463 693 1522 Mithridatis
708 1465 757 1522 III
773 1466 851 1541 regis
866 1464 997 1541 Bospori
1012 1467 1049 1523 ab
1065 1483 1092 1522 a.
1108 1463 1147 1521 42
1164 1464 1203 1522 ad
1217 1484 1243 1522 a.
1260 1465 1310 1537 49,
1333 1483 1410 1540 quae
1424 1476 1453 1524 et
1468 1468 1535 1527 sola

205 1565 236 1622 in
264 1565 301 1622 iis
327 1565 479 1623 invenitur
505 1571 535 1623 et
560 1583 626 1627 cum
653 1567 776 1638 marito,
805 1576 835 1624 et
861 1565 1045 1641 Tryphaena
1071 1565 1174 1640 regina
1200 1583 1276 1623 uxor
1303 1565 1477 1626 Polemonis
1503 1568 1535 1626 ΙΙ

205 1665 286 1742 regis
309 1664 414 1736 Ponti,
439 1682 518 1740 quae
543 1682 601 1723 non
627 1665 777 1723 invenitur
802 1666 859 1725 nisi
882 1684 949 1723 cum
972 1664 1093 1736 marit03
1120 1675 1151 1723 et
1177 1673 1209 1723 ut
1230 1665 1336 1723 harum
1359 1667 1425 1725 iura
1446 1669 1535 1727 facile

206 1765 245 1822 ad
266 1765 425 1843 privilegia
444 1765 578 1823 revocari
604 1772 757 1840 poterunt,
784 1766 826 1823 ita
857 1783 975 1824 summa
1007 1765 1154 1823 eiusmodi
1185 1784 1372 1824 nummorum
1398 1771 1534 1844 paucitas

205 1866 259 1923 vix
281 1876 360 1924 recte
382 1866 465 1925 casui
486 1865 641 1923 tribuetur.
657 1897 696 1906 —
721 1862 807 1936 Quod
829 1866 855 1924 si
873 1864 1052 1941 Cleopatrae
1073 1867 1130 1925 hoc
1150 1884 1326 1924 concessum
1349 1877 1405 1938 est,
1428 1877 1460 1926 ut
1480 1888 1535 1928 suo

206 1967 270 2023 iure
284 1977 432 2044 regnaret,
453 1966 518 2024 fieri
531 1973 640 2042 potest,
662 1983 728 2024 cum
745 1965 867 2025 annales
883 1967 1016 2024 scribant
1030 1965 1136 2024 Iubam
1157 1966 1194 2024 ab
1211 1969 1349 2042 Augusto
1369 1977 1399 2026 et
1420 1980 1536 2043 partem

206 2067 290 2144 regni
311 2067 438 2144 paterni,
464 2067 494 2125 id
516 2076 562 2124 est
582 2065 753 2137 Numidiae,
781 2068 934 2142 accepisse
961 2076 991 2126 et
1012 2076 1166 2142 praeterea
1187 2084 1309 2142 regnum
1332 2064 1537 2127 Mauretaniae

207 2166 321 2240 (Strab.
346 2168 393 2240 17,
424 2169 452 2238 3,
476 2167 493 2224 7
522 2187 551 2243 p.
573 2165 646 2238 8283
674 2166 735 2225 Dio
758 2166 807 2237 53,
831 2165 901 2241 26),
931 2178 963 2224 ut
986 2166 1062 2224 illud
1083 2168 1149 2243 ipse
1176 2166 1323 2237 habuerit,
1349 2168 1406 2225 hoc
1432 2171 1536 2228 uxoris

207 2268 341 2340 nomine3
369 2268 423 2327 sed
449 2276 550 2344 potest
575 2267 665 2325 etiam
693 2249 811 2341 utrique
833 2267 952 2342 coniugi
979 2274 1073 2324 totum
1100 2283 1223 2342 regnum
1246 2270 1395 2326 communi
1416 2270 1537 2329 nornine

208 2368 410 2428 detumesce.

292 2467 481 2545 Cleopatram
497 2477 567 2527 ante
581 2468 719 2526 maritum
736 2468 849 2527 obiisse
863 2467 932 2525 inde
947 2476 1073 2536 constat,
1087 2467 1166 2542 quod
1181 2455 1302 2526 auctore
1317 2466 1447 2545 losepho
1463 2470 1538 2545 (ant.

209 2569 274 2628 lud.
299 2570 347 2641 l7,
378 2570 424 2640 13,
447 2569 481 2639 43
507 2569 577 2627 bell.
606 2569 671 2627 Iud.
700 2567 728 2639 2,
757 2568 786 2639 7,
813 2568 847 2644 4)
874 2565 1034 2643 Glaphyro
1059 2565 1122 2623 filia
1147 2567 1288 2626 Archelai
1316 2570 1396 2646 regis
1418 2567 1538 2646 Cappa·

208 2670 312 2730 dociae
344 2670 482 2729 defuncto
509 2669 605 2745 primo
639 2669 744 2727 marito
772 2667 947 2727 Alexandro
975 2666 1107 2725 Herodis
1141 2667 1202 2724 tilio
1228 2669 1330 2743 nupsit
1355 2669 1449 2728 Iubae
1476 2673 1540 2747 regi

208 2771 412 2829 Mauretaniae
434 2760 532 2845 (Ἰέβᾳ
554 2771 608 2825 τῶν
629 2759 747 2832 Λιβύων
767 2760 916 2844 Caroni).
947 2767 1100 2825 Interemit
1113 2779 1212 2826 autem
1227 2769 1434 2828 Alexandrum
1456 2783 1542 2846 pater

210 2871 346 2930 Herodes
360 2872 444 2929 brevi
459 2880 591 2947 tempore
614 2878 682 2927 ante
698 2888 788 2945 quam
810 2869 873 2946 ipse
895 2876 1030 2927 mortuus
1052 2876 1097 2925 est
1119 2887 1146 2924 a.
1161 2889 1190 2926 u.
1206 2887 1230 2926 c.
1248 2869 1324 2940 7503
1345 2880 1416 2946 post
1435 2891 1462 2929 a.
1480 2872 1540 2930 750

210 2973 303 3049 Igitur
318 2970 474 3049 Glaphyra
488 2971 618 3030 secundo
634 2970 824 3029 matrimonio
841 2970 974 3027 vacabat.
1008 2966 1144 3042 Quocum
1160 2970 1306 3039 convenit,
1330 2970 1410 3045 quod
1427 2974 1539 3030 nummi

211 3074 262 3150 qui
296 3073 334 3130 ad
360 3074 540 3149 posteriores
565 3072 659 3130 Iubae
691 3088 787 3129 annos
815 3073 964 3147 pertinent
990 3067 1171 3145 Cleopatrae
1197 3088 1304 3128 nomen
1330 3089 1390 3128 non
1415 3084 1539 3147 ponunt.

212 3173 335 3235 Scilicet
356 3191 493 3232 nummos
516 3174 581 3231 eius
596 3191 706 3230 annum
727 3173 811 3250 regni
834 3172 1022 3230 enuntiantes
1042 3188 1109 3228 cum
1131 3187 1191 3226 non
1206 3169 1369 3228 habeamus
1389 3172 1448 3229 nisi
1471 3174 1541 3231 anni

211 3273 257 3332 VI
282 3283 312 3331 et
338 3275 376 3332 ab
405 3291 482 3330 auno
504 3273 615 3330 XXXI
642 3271 679 3330 ad
702 3271 856 3342 XLVIII,
882 3272 967 3328 illum
990 3269 1060 3328 anni
1081 3269 1172 3340 sexti,
1198 3269 1228 3326 id
1251 3279 1297 3326 est
1318 3288 1346 3327 a.
1370 3290 1398 3327 u.
1420 3289 1445 3330 c.
1470 3273 1541 3343 734,

212 3375 368 3450 utriusque
390 3373 524 3449 coniugis
546 3390 654 3430 nomen
676 3371 789 3429 habere
803 3371 892 3428 modo
908 3370 1046 3440 vidimus,
1067 3368 1098 3425 in
1120 3368 1246 3443 reliquis
1260 3371 1341 3428 cusis
1363 3388 1442 3428 anno
1457 3373 1541 3448 regni

213 3473 343 3545 XXXI,
374 3493 403 3530 u.
429 3491 454 3530 c.
484 3472 543 3531 759
571 3479 601 3530 et
627 3471 766 3546 deinceps
795 3471 878 3528 solus
907 3469 982 3528 Iuba
1008 3467 1191 3539 nominatur,
1223 3470 1392 3544 erravitque
1419 3472 1541 3531 omnino

213 3575 392 3646 Muellerus,
419 3592 485 3631 cum
507 3592 535 3650 p.
560 3570 763 3646 10810sephi
788 3571 959 3629 testimonio
984 3569 1120 3647 neglecto
1145 3577 1237 3643 caput
1264 3569 1408 3628 muliebre
1429 3572 1461 3629 in
1482 3590 1542 3630 uno

215 3694 317 3736 eorum
340 3674 409 3732 anni
423 3672 535 3732 XXXI
556 3671 743 3748 propositum
764 3670 883 3729 nomine
903 3670 988 3728 nullo
1009 3669 1161 3746 adscripto
1183 3668 1221 3727 ad
1238 3666 1429 3747 Cleopatram
1450 3678 1544 3731 rettu-

213 3775 295 3855 lit¹).
317 3809 358 3820 -
388 3772 563 3850 Glaphyrus
584 3771 759 3832 tribuendus
783 3781 831 3832 est
851 3772 956 3830 titulus
978 3769 1105 3829 Athenis
1134 3769 1165 3827 in
1191 3787 1259 3828 arce
1285 3781 1421 3848 repertus
1447 3771 1544 3832 adhuc

215 3878 354 3951 ineditus,
368 3894 457 3953 quem
472 3895 511 3934 ex
522 3873 711 3934 collectaneis
722 3872 934 3932 Kochlerianis
950 3890 1064 3931 mecum
1078 3870 1307 3930 communicavit
1317 3871 1543 3950 Dittenberger:

780 4004 990 4078 [ιιιογΛΗκΑι

767 4106 968 4175 Λειιιιεειιιιι

702 4205 952 4277 aptmororr

776 4311 907 4366 runnu<

218 4815 233 4842 a
296 4806 321 4871 ¹)
345 4805 469 4859 Allredus
486 4804 569 4859 Sallet
586 4805 621 4856 ad
639 4821 681 4856 me
699 4804 802 4869 scripsit
819 4809 896 4867 caput
914 4801 963 4853 hoc
975 4801 1052 4866 longe
1070 4802 1190 4853 recedere
1209 4803 1241 4854 ab
1255 4804 1366 4869 imagine
1380 4803 1542 4869 Cleopatrae,

219 4900 324 4969 qualem
341 4899 480 4952 exhibeant
497 4897 596 4949 nummi
615 4897 687 4959 certi,
706 4896 805 4960 sibique
824 4894 890 4944 adeo
909 4893 982 4943 virile
1001 4895 1083 4958 magis
1103 4894 1184 4944 videri
1204 4896 1287 4945 simile
1306 4897 1385 4960 capiti
1403 4896 1546 4947 Ptolemaei

220 5004 254 5045 σο
271 4991 343 5061 qwd
360 4990 473 5045 cernitur
490 4990 519 5040 in
538 4989 645 5040 denario
664 5004 690 5038 n.
713 4987 764 5038 105
783 4987 863 5037 Iubae
882 4991 908 5034 et
925 4983 1077 5035 Ptolemaei.

165 4463 167 4468 '
219 4454 263 4512 sic
284 4451 391 4528 opinor
411 4447 624 4508 restituendus:

219 4669 423 4681 ......—-—

1305 5073 1344 5132 20
