3480 5804
535 466 588 519 ao
604 465 771 520 unnvnls
789 467 1059 523 umvuunanns.
1237 502 1241 509 -
1390 453 1461 524 159

287 640 395 712 musas,
417 659 491 717 quas
504 641 607 715 suerat
627 639 679 700 aab
705 639 740 710 Q.
756 638 886 700 Mancia
902 651 1047 729 praetore,
1071 643 1149 699 data.
1190 639 1328 718 Apparet
1340 640 1463 702 Livium

286 741 345 801 sibi
366 759 426 799 non
447 749 597 812 constare,
622 758 690 799 oum
711 724 845 799 blinuoio
865 740 955 799 modo
978 741 1163 812 ulteriorem,
1185 741 1274 799 modo
1295 742 1464 802 citeriorem

285 840 466 916 Hispaniam
492 841 657 911 adscribam
684 858 741 899 nos
767 842 846 901 hane
866 841 1052 919 provinciam
1077 842 1282 919 praetulimus.
1326 842 1464 903 Tabulae

285 940 475 1019 Capitolinae
494 941 694 1019 fragmentum
710 940 806 1000 XVII
827 961 894 1001 oum
915 943 1001 1001 finiat
1020 942 1052 1001 in
1074 942 1223 1017 triumpho
1238 941 1352 1015 Helvii,
1373 962 1463 1021 quem

284 1042 392 1103 Livius
427 1042 471 1102 ait
505 1043 623 1101 duobus
655 1042 809 1103 mensibus
840 1042 1043 1119 praecessisse
1074 1043 1292 1114 Minucianum,
1329 1044 1385 1105 hoo
1416 1045 1462 1105 illi

286 1144 404 1203 videtur
430 1144 572 1203 oontiuuo
598 1143 788 1203 subiunctum
813 1143 917 1203 fuisse.
960 1143 997 1202 Iu
1023 1144 1128 1203 tabula
1149 1143 1342 1203 Tolentinata
1370 1145 1463 1205 vol.I

285 1263 317 1323 p.
332 1245 393 1304 476
415 1263 455 1304 ex
475 1245 580 1304 eodem
601 1245 753 1322 triumpho
775 1254 939 1322 supersunt
959 1245 1047 1304 haee:
1065 1228 1314 1346 icrvswnravs
1327 1276 1334 1289 ·
1346 1207 1368 1333 r]

190 1344 252 1407 560
286 1346 325 1406 (le
346 1344 472 1407 Catonis
499 1346 651 1423 triumpho
677 1346 716 1404 ot'.
743 1344 810 1404 Lir.
833 1345 889 1419 33,
908 1346 947 1405 43
975 1353 1006 1405 et
1027 1345 1081 1417 34,
1102 1345 1142 1404 46
1170 1354 1201 1404 et
1225 1345 1329 1405 tabula
1350 1346 1463 1407 Tolen-

287 1448 367 1507 tinas
389 1448 410 1506 l.
425 1465 451 1506 o.

190 1548 253 1610 560
288 1548 325 1608 de
347 1548 497 1625 triumpho
518 1546 683 1607 Flaminini
704 1548 742 1606 of.
763 1545 834 1606 Liv.
855 1547 905 1620 34,
922 1547 976 1606 53:
1005 1547 1128 1606 biduum
1149 1547 1334 1622 triumphavit
1354 1553 1411 1607 cei.
1434 1554 1463 1607 et

287 1650 369 1710 Plut
385 1648 448 1709 Tit.
465 1649 504 1708 14
525 1655 557 1707 et
577 1648 680 1707 tabula
694 1647 886 1720 Tolentinas;
908 1647 1026 1706 restitui
1046 1647 1188 1706 adhibitis
1209 1647 1284 1706 actis
1306 1666 1333 1707 a.
1350 1649 1420 1708 587.

192 1753 252 1813 663
287 1752 325 1812 al.
347 1750 414 1810 Liv.
431 1751 481 1823 36,
496 1748 551 1808 21ι
573 1749 759 1827 parentalem
780 1751 840 1808 dise
862 1759 887 1808 et
907 1748 952 1807 M.
974 1748 1097 1807 Fuluius
1118 1748 1261 1821 Nobilior,
1283 1752 1334 1825 qui
1354 1751 1463 1808 biennio

288 1861 354 1914 anis
369 1860 490 1928 praetor
509 1855 541 1909 in
561 1851 739 1927 Hispaniam
759 1860 821 1911 erat
838 1851 1001 1927 profectus,
1028 1867 1117 1908 ouant
1138 1849 1235 1908 urbem
1255 1860 1297 1908 est
1316 1853 1462 1924 inpressas

288 1964 345 2015 oet.
366 1962 397 2013 et
417 1953 515 2012 denuo
537 1951 586 2025 36,
608 1953 661 2011 39:
687 1970 739 2028 per
759 1953 870 2011 eosdem
890 1951 952 2010 diss
972 1950 1017 2008 Μ.
1041 1950 1163 2009 Fblvias
1185 1948 1319 2008 Nobilior
1339 1967 1372 2007 aa
1394 1950 1462 2008 ulta·

287 2058 365 2115 riore
384 2054 536 2130 Hispania
562 2071 650 2112 ovans
675 2052 772 2111 arbem
797 2061 839 2112 eet
865 2055 1020 2128 inpressae.
1065 2049 1140 2110 Dies
1165 2069 1244 2109 nuno
1268 2050 1397 2129 primum
1419 2050 1462 2109 in·

288 2154 426 2217 notescit.

195 2259 254 2320 563
291 2257 329 2318 de
343 2255 485 2318 Cornelio
507 2255 544 2315 ol.
560 2254 627 2315 Liv.
642 2253 693 2326 36,
708 2251 762 2312 40:
785 2252 819 2312 P.
839 2252 989 2312 Cornelias
1010 2252 1109 2312 consul
1129 2251 1314 2328 triumphavit
1328 2251 1363 2309 de
1375 2249 1463 2320 Βοῖος

290 2358 326 2419 cf.
350 2357 400 2430 36,
415 2357 465 2416 39.

1206 2486 1256 2544 W.
1278 2483 1421 2545 Hnrznn.
