3480 5804
854 492 1054 547 WILMANNS

595 767 664 841 DE
690 763 980 841 PRAEFECTO
1010 761 1320 838 OASTRORVM.

377 941 526 999 Praefecti
548 949 714 999 castrorum
737 939 892 1015 quaerenti
915 936 988 995 mihi
1009 936 1200 994 innotuerunt
1221 934 1267 992 hi:

360 1067 391 1142 1)
424 1067 580 1141 Vespasiae
595 1065 699 1123 Pollio.
715 1097 757 1106 —
780 1063 858 1123 Suet.
883 1063 1000 1137 b'espas.
1012 1063 1042 1118 1:
1064 1061 1160 1131 Polla,
1175 1061 1303 1119 Nursiae
1316 1060 1430 1117 bonestc
1443 1079 1544 1136 qenere
1560 1072 1623 1118 crta

443 1175 558 1241 patrem
580 1166 677 1223 babuit
697 1165 864 1240 Vespasium
879 1162 1045 1231 Pollionem,
1070 1170 1112 1219 ter
1134 1163 1275 1220 tribunum
1296 1161 1416 1218 militum
1433 1164 1623 1237 praesectum-

446 1285 501 1342 que
523 1276 692 1336 castrorum,
707 1266 832 1339 fratrem
853 1272 1008 1321 senatorem
1026 1265 1192 1337 praetoriae
1213 1264 1372 1336 dipnitutis.

294 1365 446 1441 Vespasia
466 1366 554 1424 Polla
578 1375 674 1423 mater
695 1373 742 1423 est
761 1362 943 1438 Vespasiani
965 1362 1168 1437 imperatoris,
1196 1362 1260 1419 nati
1281 1381 1361 1420 anno
1378 1361 1395 1420 9
1412 1380 1441 1436 p.
1457 1359 1510 1433 C.,
1538 1362 1624 1437 pater

294 1466 385 1541 igitur
407 1467 472 1524 sine
493 1466 583 1522 dubio
605 1466 822 1542 praefecturam
844 1469 1009 1520 castrorum
1031 1463 1160 1521 obtinuit
1180 1462 1345 1537 imperante
1367 1464 1514 1538 Augusto.

360 1565 392 1640 2)
427 1565 478 1622 M.’
500 1565 625 1622 Ennius.
643 1599 682 1608 -
704 1565 763 1623 Dio
777 1565 825 1634 55,
844 1565 864 1620 8
885 1562 975 1638 (anno
993 1564 1013 1619 8
1022 1582 1055 1638 p.
1075 1561 1123 1638 C.)
1144 1553 1347 1645 Σκενᾶβαρδᾶς
1367 1583 1410 1621 rec
1431 1553 1623 1644 apos-namni-

448 1686 529 1731 μενος
549 1656 787 1732 'ternarius-Sne
810 1653 857 1719 nni
880 1653 1004 1733 πέμψας
1024 1657 1089 1719 κατ’
1110 1655 1179 1719 ariri
1201 1663 1283 1718 τοῦτο
1305 1655 1374 1745 πρός
1395 1653 1500 1718 stirne
1518 1651 1623 1718 *Euneon

448 1756 632 1846 φρούραρχον
654 1756 774 1821 Seruius
796 1760 831 1820 uie
852 1753 957 1830 ἕτοιμος
978 1751 1026 1827 uir
1049 1753 1085 1819 uir
1106 1758 1298 1830 αὐτομολῆσαι
1318 1770 1382 1818 κτλ.
1396 1794 1435 1804 -
1461 1763 1530 1822 Tac.
1544 1762 1623 1821 Aren.

448 1865 475 1937 I,
490 1863 533 1923 38
555 1863 643 1938 (anno
658 1865 740 1939 1411.
759 1864 805 1939 C.)
829 1864 871 1921 At
890 1868 921 1921 in
942 1865 1065 1924 Chaucis
1085 1873 1247 1939 coeptavere
1265 1863 1428 1920 seditionem
1444 1865 1624 1938 praesidium

447 1967 589 2039 epitomes
614 1965 760 2022 vexillarii
784 1966 958 2023 discordium
985 1965 1123 2040 leqionum
1149 1973 1175 2021 et
1195 1967 1345 2039 praesenti
1365 1965 1484 2021 duorum
1505 1965 1623 2023 militum

448 2067 591 2140 supplicio
613 2065 748 2140 paullum
773 2069 899 2140 repressi
922 2073 997 2122 sunt.
1041 2065 1171 2122 Iusserat
1191 2065 1223 2121 id
1243 2064 1298 2121 II!
1314 2064 1442 2136 Ennius,
1468 2075 1623 2124 carnorum

445 2167 621 2240 praejectus,
642 2165 714 2223 bono
735 2169 827 2240 inopis
848 2165 972 2240 wanplc
993 2184 1079 2240 quom
1101 2182 1231 2224 concesso
1251 2167 1324 2222 iure.

296 2262 348 2322 M!
364 2263 454 2322 Ennii
476 2284 584 2324 numen
604 2275 685 2324 recte
707 2265 787 2341 apud
801 2264 940 2324 Tacitum
962 2265 1093 2323 restituit
1111 2264 1326 2340 Nipperdeius3
1349 2265 1414 2324 cod.
1436 2265 1515 2325 Med.
1535 2265 1625 2325 habet

295 2364 441 2422 biennius.

359 2466 387 2522 3.
400 2465 435 2540 4)
463 2459 502 2525 L.
521 2465 644 2542 Eppius.
674 2466 817 2526 Ceionius.
834 2499 871 2509 —
904 2467 977 2526 Veli.
997 2467 1026 2538 2,
1046 2468 1103 2526 119
1124 2466 1212 2541 (anno
1229 2467 1249 2526 9
1264 2486 1296 2542 p.
1321 2467 1352 2526 C.
1379 2471 1410 2524 in
1432 2467 1546 2543 proelio
1568 2467 1623 2527 Va·

447 2567 563 2643 manat·
589 2567 667 2624 Duci
690 2569 760 2642 plus
786 2568 826 2626 ad
852 2569 1027 2626 moriendum
1053 2585 1139 2643 quarn
1165 2570 1207 2625 od
1229 2568 1415 2642 pugnandum
1436 2571 1526 2626 animi
1544 2571 1623 2644 suit:

448 2672 553 2743 quippe
568 2671 686 2742 paterni
706 2671 831 2743 critique
853 2669 972 2742 ecempii
992 2686 1136 2727 successor
1154 2672 1260 2744 seipse
1274 2669 1423 2744 transjicit.
1456 2669 1497 2726 At
1511 2688 1526 2726 e
1538 2687 1625 2744 prae·

440 2770 527 2842 sectis
549 2777 707 2825 rostrorum
728 2768 836 2825 duobus
858 2787 944 2843 worn
965 2770 1075 2827 clarium
1096 2769 1251 2845 erunplum
1265 2767 1304 2826 1..
1319 2768 1441 2845 Eppius,
1464 2781 1521 2828 tam
1541 2779 1625 2846 turpe

451 2869 582 2927 Ceionius
600 2869 743 2942 prodidit,
764 2872 824 2943 qui,
844 2886 907 2926 cum
928 2868 1010 2943 lonpe
1024 2872 1176 2928 marimum
1193 2879 1307 2946 partem
1321 2870 1525 2946 absumpsisset
1537 2876 1625 2942 ades,

448 2979 549 3027 auctor
570 2969 721 3025 deditionis
743 2968 884 3044 supplicio
906 2988 991 3044 quam
1008 2970 1120 3044 proelio
1141 2973 1214 3028 mori
1233 2970 1341 3029 maluit.

359 3069 392 3144 5)
425 3068 464 3128 L.
489 3069 648 3128 Caedicius.
663 3099 705 3110 -
727 3068 798 3126 Vell.
818 3068 847 3138 2,
862 3069 926 3127 120
947 3068 1037 3142 (anno
1054 3072 1075 3129 9
1084 3090 1117 3147 p.
1136 3071 1166 3130 C.
1185 3081 1254 3146 post
1268 3071 1411 3146 proelium
1433 3072 1623 3149 Verianum).-

448 3170 487 3228 L.
514 3171 598 3227 etiam
620 3166 750 3240 Caedici,
771 3170 916 3244 praesceti
936 3179 1109 3243 castrorum,
1138 3189 1287 3247 semenque
1308 3176 1358 3247 qui
1377 3191 1436 3230 una
1456 3175 1625 3232 circumdati

448 3270 568 3329 Alisone
600 3271 735 3328 inmensis
764 3268 970 3329 Gerruanorum
997 3275 1087 3346 copiis
1114 3271 1324 3344 obsidebantur,
1353 3273 1505 3331 laudanda
1530 3278 1624 3334 uirtus

338 3403 339 3408 ¹
449 3383 491 3431 eti
510 3381 561 3430 cei.

358 3473 391 3549 6)
423 3473 591 3549 Aufidienus
605 3471 712 3544 Rufus.
728 3503 766 3514 -
792 3472 859 3533 Tua.
881 3491 949 3531 ann.
964 3474 991 3544 1,
1008 3472 1051 3531 20
1071 3471 1258 3549 (anno11p.
1276 3474 1307 3533 C.
1329 3477 1360 3530 in
1380 3475 1516 3534 seditione
1536 3476 1623 3551 lapio-

446 3593 513 3632 num
534 3573 763 3630 Pannonicorum
783 3572 868 3631 VIII
880 3573 968 3648 Aup„
991 3573 1047 3630 IX
1063 3574 1163 3650 Hisp,
1187 3574 1255 3632 XV
1264 3574 1457 3650 Apollinaris,
1479 3594 1552 3650 quae
1573 3579 1636 3636 iis.

447 3675 509 3733 dnn
524 3675 628 3732 caetris
649 3675 766 3731 aestiuis
787 3673 874 3729 simul
894 3673 1099 3749 iubebantur):
1121 3678 1229 3733 interea
1250 3674 1391 3750 manipuli
1412 3686 1477 3734 onte
1497 3686 1624 3753 commu

447 3775 611 3832 seditionem
629 3771 812 3847 Nauportum
838 3776 920 3830 missi
944 3774 978 3830 ob
999 3777 1104 3832 innuo
1125 3785 1152 3833 et
1166 3783 1269 3850 pontes
1291 3785 1316 3834 et
1336 3776 1411 3834 alios
1432 3794 1517 3846 usus,
1539 3788 1623 3853 post·

447 3892 534 3948 quam
556 3873 697 3930 turbatum
719 3877 749 3929 in
770 3876 875 3930 castris
896 3890 1035 3948 caepere,
1057 3874 1164 3932 remila
1186 3874 1403 3935 conuellunt-
1420 3908 1458 3919 -
1479 3881 1624 3937 retinentis

448 3975 622 4032 centuriones
642 3975 735 4031 inrisu
757 3982 782 4030 et
799 3973 981 4044 contumeliis,
999 3983 1144 4050 postremo
1158 3975 1321 4034 omberibus
1334 3980 1518 4048 insectantur,
1535 3997 1623 4053 prae·

449 4076 533 4149 cipue
552 4076 583 4130 in
598 4072 777 4147 Aufidienum
791 4073 909 4148 Rasum,
926 4076 1103 4150 praesectum
1117 4087 1284 4147 castrorum,
1306 4081 1362 4148 ira,
1385 4096 1465 4153 quern
1480 4079 1624 4154 dereptum

449 4174 578 4233 sebicuio
600 4176 723 4233 sarcinis
744 4185 869 4250 prorant
886 4185 1033 4252 apuntqus
1053 4180 1084 4235 in
1105 4181 1227 4254 cymino,
1245 4195 1301 4252 per
1321 4177 1475 4237 ludibrium
1495 4183 1624 4255 rapitan-

296 4340 501 4351 ...a—

298 4465 324 4526 3,
340 4465 356 4514 2
376 4479 401 4527 p.
416 4464 479 4523 427,
498 4476 551 4510 nou
570 4461 708 4514 sufficiunt.
727 4485 728 4489 =
746 4461 848 4511 Deinde
867 4463 912 4527 qui
930 4478 1012 4528 nuper
1029 4463 1062 4513 da
1080 4464 1241 4528 praefectura
1258 4466 1369 4531 legionis
1386 4465 1439 4531 egit
1456 4466 1511 4516 Leo
1527 4465 1625 4518 Reaier

296 4552 364 4605 enirn.
384 4553 415 4603 de
434 4547 512 4602 linet.
531 4553 589 4618 imp.
612 4552 682 4601 1867
702 4568 727 4616 p.
742 4553 856 4618 dotem,
877 4554 898 4602 is
918 4570 968 4619 quo
987 4561 1026 4604 est
1043 4554 1147 4619 ingenio
1166 4563 1241 4607 acuto
1260 4558 1383 4622 uberique
1402 4557 1520 4607 doctrina
1537 4558 1623 4608 Lareii

297 4644 390 4708 Lepidi
415 4645 517 4694 titulum
539 4642 671 4707 praeclare
695 4643 835 4708 supplevit3
860 4659 926 4708 quae
944 4651 1030 4695 tamen
1050 4646 1082 4694 de
1101 4648 1262 4711 praefectura
1279 4648 1388 4713 legionis
1406 4648 1539 4709 disseruit,
1563 4663 1623 4718 pro·

297 4733 383 4783 banda
412 4751 464 4783 non
489 4748 545 4784 esse
568 4741 594 4782 ct
617 4748 649 4783 ex
674 4735 706 4784 iis
730 4743 792 4799 puto
816 4749 881 4798 quae
904 4751 983 4799 supra
1006 4738 1081 4801 posui
1104 4745 1211 4802 apparet
1234 4745 1259 4787 ct
1284 4745 1343 4788 anto
1371 4753 1413 4788 me
1437 4738 1625 4789 demonstravit

297 4822 473 4873 Mommsenus
491 4823 560 4883 (loco
578 4838 641 4874 mcx
661 4825 787 4887 citando);
811 4832 880 4875 recte
899 4832 985 4875 tamen
1003 4828 1152 4892 primusque
1170 4829 1258 4878 docuit
1276 4829 1461 4893 praefecturam
1481 4836 1623 4880 carnorum

297 4927 424 4961 summum
442 4927 497 4963 esea
521 4914 632 4963 militare
656 4929 748 4965 munus
771 4915 799 4964 in
823 4918 953 4980 Aegypto.
995 4916 1115 4981 Denique
1138 4919 1263 4970 nonnulla
1286 4919 1503 4984 deprsefectura
1526 4919 1624 4984 optime

298 5002 418 5065 exposuit
429 5003 613 5064 Mommsenu's,
633 5019 690 5053 cum
709 5005 811 5056 titulum
830 5007 862 5056 Τ.
877 5006 961 5056 Flavii
973 5007 1115 5072 Vergiliani
1135 5008 1223 5073 (snpra
1240 5024 1267 5058 n.
1281 5009 1327 5071 24)
1346 5009 1436 5061 ederet
1453 5011 1481 5061 in
1493 5009 1624 5063 Gerherdi

298 5094 461 5159 ephemeride
479 5095 608 5148 archseol.
627 5096 735 5149 XXVII
754 5095 847 5156 (laea)
866 5110 891 5159 p.
908 5096 968 5145 123.
1304 5099 1311 5111 ”
