3480 5804
279 473 326 540 54
564 487 836 538 ADDITAMENTA
854 487 936 537 voh.
952 487 990 536 lt'
1007 486 1311 537 Porss‘fflattnltunt.
1555 490 1605 539 168

284 592 291 597 .
306 591 338 597 ...
345 587 1606 602 —.........-....,.—-—.-.....-——-———.—.-.-—.-...-.-—-

275 661 339 719 Ioh.
362 658 569 717 Wordsworth
596 659 627 716 in
651 656 685 716 C.
701 657 725 714 I.
740 656 776 714 L.
799 657 858 714 vol.
882 657 980 730 quarti
1007 675 1134 715 censura
1159 657 1272 714 inserta
1292 656 1396 714 libello
1419 655 1606 717 Londincnsi

280 761 339 818 The
360 759 505 836 Acadcmy
529 759 605 818 1871
630 776 659 833 p.
676 757 736 815 444
763 757 793 832 (e
816 755 1026 832 christophori
1054 758 1149 833 patris
1178 757 1310 831 schedis)
1337 759 1411 815 haec
1439 757 1605 833 praefatus:

276 880 304 918 n.
321 861 402 919 1860
430 860 534 918 ahotclcl
560 859 698 933 certainly
725 877 780 915 ran
802 858 882 927 thus,
909 876 942 913 or
966 859 1067 934 nearly
1095 858 1167 917 thee.
1182 890 1224 900 -
1252 858 1457 916 Mommsenus
1479 877 1507 916 a.
1526 857 1606 916 1846

276 962 374 1019 minus
395 960 541 1036 integram
563 961 692 1029 viderat;
715 977 770 1033 ego
792 959 822 1015 in
844 960 969 1015 tectorio
983 958 1115 1033 Neapoli
1136 957 1295 1017 adservato
1311 959 1438 1035 vestigia
1458 958 1608 1033 quaedem

276 1060 474 1136 deprehendi,
505 1062 557 1119 scd
587 1061 675 1136 plura
703 1077 780 1117 nunc
806 1067 965 1133 postquam
991 1060 1085 1117 totius
1111 1060 1201 1117 lectio
1226 1060 1355 1117 innotuit
1380 1060 1460 1117 haud
1486 1058 1608 1117 difficile

277 1161 397 1238 agnosci
421 1168 570 1236 poterunt.
587 1192 625 1202 —
651 1163 663 1216 l
690 1145 803 1233 Qvol
826 1180 864 1217 ex
886 1161 1064 1218 Mommseni
1087 1161 1261 1236 apographo
1284 1161 1486 1234 reponendum
1508 1169 1564 1217 est

318 1261 355 1319 In
384 1269 468 1319 tanta
496 1269 612 1331 autem,
643 1278 734 1335 quam
763 1262 897 1336 priorum
927 1271 1093 1337 temporum
1122 1261 1236 1318 incuria
1264 1261 1404 1330 fecimus,
1436 1261 1607 1318 huiusmodi

276 1362 505 1440 inscriptionum
531 1362 647 1419 iactura
672 1379 739 1419 cum
765 1378 874 1437 magno
900 1379 989 1435 opere
1018 1361 1178 1436 optandum
1207 1362 1261 1431 sit,
1290 1361 1385 1419 neiis
1406 1379 1483 1436 quae
1505 1379 1606 1419 serva·

278 1469 326 1520 tae
348 1471 420 1521 sunt
441 1463 484 1519 uti
505 1479 699 1536 nequeamus,
722 1479 877 1536 speramus
898 1462 1028 1532 ioreput
1043 1461 1297 1520 Wcrdsworthius
1318 1478 1394 1536 quas
1412 1462 1522 1519 multas
1537 1468 1607 1519 ante

278 1563 332 1620 hos
361 1562 563 1638 quadraginta
589 1580 684 1621 annos
706 1563 735 1619 in
759 1581 846 1620 suum
869 1580 955 1621 usum
976 1579 1010 1620 se
1032 1561 1230 1638 descripsisse
1252 1561 1394 1638 Pompeis
1422 1561 1512 1634 dixit,
1538 1579 1606 1619 cum

277 1663 316 1720 iis
339 1663 559 1721 communicare
579 1663 660 1734 velit,
682 1680 809 1738 quorum
831 1663 886 1720 has
907 1681 956 1720 res
977 1681 1160 1739 cognoscere
1181 1664 1313 1721 interest

321 1761 461 1823 Ceterum
488 1764 616 1822 disticho
641 1763 699 1834 ilii,
727 1764 807 1839 quod
834 1763 1078 1821 commentarium
1104 1780 1164 1820 non
1186 1763 1351 1833 desiderat,
1378 1763 1485 1821 addam
1508 1763 1606 1821 similc

279 1865 404 1922 alterum
426 1866 535 1923 lectum
558 1884 577 1922 a
597 1884 643 1922 mc
665 1864 779 1921 Rornae
801 1863 832 1920 in
854 1865 964 1921 montis
986 1864 1119 1921 Palatini
1140 1864 1296 1940 parietinis
1319 1864 1388 1922 hoc:

460 1999 604 2060 OMNIA
626 1997 873 2058 FORMONSIS
898 1997 1028 2057 CVPIO
1051 1997 1233 2057 DONARII
1256 1998 1425 2058 PVIILLIS

516 2100 605 2157 SIIT
629 2100 734 2158 MIHI
756 2099 822 2157 DII
846 2120 853 2134 ·
875 2097 1062 2159 POPVLO
1086 2098 1249 2157 NVLLA

516 2198 934 2261 PViILLA·PLAC11T

1247 2384 1281 2443 Ο.
1305 2385 1563 2465 Znucsumsraa.
