3480 5804
288 1443 797 1596 ossnnvlnonns
835 1481 1309 1597 urinantium.

701 1770 903 1780 .—

157 1961 195 2021 V.
231 1962 289 2021 DE
311 1959 595 2022 DIOCLETIANI
617 1958 996 2037 GOLLIIGARVMQVE
1019 1960 1255 2023 NOMINIBVS
1278 1961 1440 2024 ERASIS.

220 2116 336 2176 Ductor
361 2117 386 2175 1.
409 2114 448 2176 G.
464 2116 630 2175 Wetastein
657 2126 745 2177 notus
773 2127 896 2198 propter
920 2118 1030 2177 itinera
1053 2116 1133 2175 felici
1153 2135 1297 2177 successu
1323 2121 1354 2177 iu
1377 2117 1466 2196 Syria

136 2218 209 2276 olim
236 2227 392 2294 suscepta,
419 2217 479 2275 iam
506 2217 623 2294 collega
647 2218 679 2276 in
700 2219 758 2278 hac
778 2220 971 2280 universitate
992 2219 1112 2278 titulum
1138 2218 1213 2277 mihi
1237 2219 1321 2278 misit
1340 2240 1368 2279 a
1386 2223 1466 2281 1870
1592 2280 1598 2291 ,

137 2338 158 2377 a
184 2337 218 2378 se
244 2326 402 2395 exceptum
424 2317 516 2394 Tingi
544 2318 652 2393 (hodie
674 2315 792 2397 Tang'e,
818 2320 909 2397 vulgo
931 2319 1082 2398 Tunger),
1110 2319 1160 2377 ubi
1187 2338 1328 2393 marmor,
1354 2322 1467 2399 inquo

137 2419 257 2496 legitur,
281 2419 370 2478 hodie
395 2418 597 2478 investibulo
624 2418 788 2480 deversorii
808 2420 960 2498 Europaei
986 2420 1101 2479 scamni
1122 2421 1190 2478 loco
1211 2427 1265 2479 est.
1309 2423 1341 2481 Is
1362 2423 1467 2483 titulus

139 2521 212 2579 baec
232 2520 336 2579 habete

547 2603 735 2667 lllllllma
756 2622 778 2665 a
809 2619 930 2663 avrea
956 2629 964 2647 ·
989 2618 1059 2661 vat

546 2709 784 2784 ortanam!
820 2717 1057 2764 cranenco

546 2808 569 2867 tt
582 2823 666 2867 unx·
675 2822 725 2867 rto
741 2822 832 2866 santet
847 2818 977 2864 invicto
991 2819 1055 2864 nvo

547 2911 619 2969 llltn
640 2924 832 2968 ratsvurctas
854 2920 967 2965 roresr
981 2934 989 2950 ·
1003 2921 1055 2962 vni

473 3027 486 3067 a
550 3011 669 3069 lltlltnu
697 3038 705 3054 ·
733 3024 823 3068 rarat
853 3022 977 3066 remiss
1009 3022 1045 3064 ra

140 3139 281 3218 Virgulas
307 3150 352 3202 tot
376 3141 482 3213 adieci,
513 3151 586 3220 quot
612 3143 731 3201 litteras
758 3141 798 3199 ad
819 3159 968 3201 summum
988 3142 1056 3200 loco
1077 3141 1207 3201 indicato
1227 3141 1355 3201 delicere
1376 3159 1468 3218 posse

139 3242 342 3304 Wetzstenius
366 3244 490 3304 iudicat.
533 3243 654 3303 Titulus
682 3261 749 3303 oum
770 3249 850 3302 recte
872 3253 903 3302 et
923 3243 1017 3319 probe
1038 3242 1206 3319 descriptus
1229 3243 1270 3301 sit
1294 3242 1366 3317 (nisi
1387 3243 1468 3318 quod

139 3361 168 3403 v.
184 3345 198 3402 l
215 3344 257 3403 in.
276 3345 492 3405 restituendum
507 3354 556 3404 est
568 3360 631 3418 aas,
655 3363 682 3402 v.
695 3345 714 3403 4
729 3345 769 3402 iu.
792 3343 921 3403 tortasse
935 3360 961 3402 ra
975 3361 1030 3421 pro
1044 3344 1101 3419 tn),
1122 3343 1210 3402 facile
1224 3343 1394 3419 explicatur
1408 3343 1467 3402 sio:

138 3442 246 3544 [Imp.
266 3441 385 3543 Oa]es.
414 3442 711 3520 G.Aurel.va1.
741 3441 1003 3541 [Diocletiano]
1032 3439 1251 3516 Germanico
1278 3467 1376 3514 max.
1405 3440 1468 3540 pio

138 3562 237 3639 felici
262 3562 400 3639 invicto
426 3564 521 3664 Aug.
550 3565 603 3665 [p.
630 3563 708 3661 m.,]
737 3561 954 3637 tribuniciae
979 3571 1114 3661 potest.
1129 3557 1217 3635 VIII
1242 3561 1308 3658 (vel
1332 3560 1467 3658 VIIII),
1542 3589 1556 3613 ·

141 3682 247 3780 [Gon]
270 3681 353 3774 IIII,
379 3685 477 3784 patri
501 3684 654 3785 patriae,
681 3681 874 3783 pr[0008·],
901 3709 932 3761 et
952 3702 1023 3761 anui
1044 3709 1093 3761 est
1113 3707 1165 3760 aut
1187 3701 1245 3760 291
1260 3700 1311 3777 (tr.
1334 3721 1363 3778 p.
1375 3700 1469 3778 VIII)

139 3811 192 3863 aut
212 3802 273 3864 292
295 3804 347 3880 (tr.
363 3824 393 3882 p.
404 3805 521 3881 vnn).
561 3804 767 3865 Memorabilis
788 3813 889 3864 autem
909 3811 957 3863 est
976 3823 1044 3863 cum
1064 3809 1188 3880 propter
1208 3809 1470 3862 monumentorum

139 3904 342 3964 Romanorum
356 3906 528 3983 provinciae
543 3907 748 3966 Mauretaniae
763 3905 944 3982 Tingitanae
963 3923 1110 3964 summam
1125 3904 1223 3964 adhuc
1235 3903 1389 3963 raritatem
1407 3911 1469 3961 tum

140 4012 262 4083 propter
289 4022 399 4065 nomen
423 4006 604 4065 Diocletiani
629 4024 763 4078 erasum3
792 4025 862 4064 nam
888 4006 974 4064 initio
1003 4024 1031 4064 v.
1054 4005 1072 4062 2
1099 4006 1221 4063 lituram
1249 4005 1331 4064 cerni
1357 4003 1470 4063 diserte

139 4112 266 4165 testatur
278 4106 492 4166 Wetzstenius.
532 4107 581 4165 De
603 4125 639 4165 ea
659 4109 796 4166 erasione
817 4124 997 4183 quamquam
1016 4107 1166 4164 Iohannes
1185 4105 1325 4182 Baptista
1342 4104 1469 4165 Roasius

139 4225 236 4284 nuper
255 4205 428 4282 (Ballettino
450 4206 517 4266 dell'
541 4208 674 4268 Instituta
692 4207 768 4266 1871
792 4225 822 4283 p.
841 4207 914 4283 167)
936 4207 980 4265 ita
1000 4206 1070 4282 egit,
1091 4213 1206 4263 utnon
1227 4206 1323 4263 multa
1342 4205 1469 4264 habeam

142 4307 237 4385 copiis
258 4308 297 4367 ab
318 4326 354 4368 eo
375 4308 509 4367 collectis
530 4307 677 4380 addenda,
699 4315 888 4367 tamencum
909 4313 1077 4383 temporum
1098 4305 1217 4364 illorum
1238 4303 1381 4363 memoria
1397 4321 1469 4362 con·

140 4408 210 4469 laea
228 4418 261 4468 et
280 4426 372 4486 saepe
392 4410 539 4487 perplexa
559 4426 741 4487 magnopere
761 4408 938 4480 illustretur,
959 4407 1010 4466 ubi
1031 4407 1071 4466 ad
1088 4405 1235 4482 liquidum
1256 4403 1379 4480 perduoi
1400 4420 1470 4479 pos·
1496 4464 1499 4473 ⁴

143 4510 193 4582 sit,
215 4527 275 4586 quo
296 4518 429 4587 tempore
450 4510 560 4587 quibus
581 4509 657 4569 locis
678 4509 731 4587 qui
752 4509 859 4568 aetatis
880 4508 1090 4567 Diocletianae
1110 4506 1242 4583 Augusti
1264 4503 1469 4581 Caesaresque

141 4608 362 4670 damnationem
384 4610 539 4683 subierint,
560 4610 633 4670 utile
649 4609 747 4669 visum
769 4616 815 4669 est
835 4609 976 4688 exempla
998 4608 1127 4685 quaein
1148 4615 1288 4684 promptu
1302 4605 1399 4664 babeo
1413 4606 1488 4663 hac.

142 4710 301 4770 ocmsione
324 4710 429 4770 oblata
452 4729 621 4790 proponere
640 4706 855 4786 coniuncta¹)‚
886 4716 919 4768 ut
939 4717 1105 4786 augeantur
1125 4709 1164 4768 ab
1186 4707 1255 4767 aliie
1280 4717 1310 4766 et
1330 4706 1469 4783 quaestio

141 4810 241 4871 adhuc
260 4810 416 4888 implicata
436 4821 571 4889 tempore
591 4810 802 4891 progrediente
821 4811 941 4890 plenius
963 4811 1106 4871 solvatur.

114 5050 117 5056 ⁴
220 5058 244 5122 ¹>
274 5058 375 5114 Omitto
397 5060 501 5113 titahn
527 5058 645 5113 Muli
672 5074 701 5113 u.
714 5058 785 5113 teat
810 5060 1035 5112 verecundantem
1063 5066 1170 5125 propter
1194 5059 1297 5108 lituram
1322 5058 1470 5108 coniectura

143 5164 197 5203 nou
218 5150 282 5203 satia
303 5157 374 5205 cem
394 5150 526 5221 antean
547 5150 697 5205 nontam
713 5150 882 5216 umnam
905 5152 966 5204 item
983 5151 1149 5205 Miditensem
1172 5164 1205 5200 ex
1225 5149 1359 5215 provincia
1376 5147 1470 5200 Africa
