3480 5804
505 440 803 497 oasunvarrouas
820 443 939 497 umen.
959 444 1021 495 xv.
1354 432 1426 505 293

101 614 182 695 qnod
203 614 351 673 eiusmodi
377 614 468 691 iegati
489 614 680 673 nominantur
701 616 739 673 ab
760 634 797 674 co
818 616 1012 692 magistratu,
1039 616 1090 692 qui
1115 623 1236 676 senatus
1260 624 1430 683 consultum

102 716 133 775 id
154 734 216 795 quo
238 716 384 775 nominari
406 715 544 774 iubentur
564 716 644 789 feeit,
665 717 700 775 tit
721 736 760 775 ex
774 716 988 777 cousuetudine
1002 716 1140 775 Romana
1159 717 1239 792 (Liv.
1255 720 1305 793 43,
1324 725 1350 794 l,
1368 725 1430 801 10).

184 817 360 877 Posteriora
386 818 670 876 senatusconsulto
698 819 790 877 verba
814 818 991 876 facientibus
1019 816 1124 876 iisdem
1151 818 1312 881 Thisbaeis
1336 827 1431 900 partis

100 918 257 979 Romanae
278 916 409 993 quinque
430 918 502 977 viris
523 918 573 989 iis,
594 936 672 994 quos
692 919 811 977 interim
833 937 853 975 a
865 926 1004 995 praetore
1025 919 1194 977 nominatos
1215 936 1284 979 esse
1305 922 1432 985 consen-

102 1028 224 1079 taneum
245 1024 307 1091 est,
334 1036 354 1075 a
373 1026 480 1077 senatu
500 1019 730 1095 praescribitur,
756 1019 827 1095 quid
856 1019 887 1077 in
908 1021 997 1078 rebus
1018 1019 1238 1079 Thisbacorum
1259 1024 1432 1087 ordinandis

102 1121 189 1197 sequi
204 1136 257 1178 eos
272 1125 418 1195 oporteat.
450 1118 493 1177 Et
506 1119 543 1177 de
563 1120 661 1197 capite
674 1120 772 1197 primo
794 1119 837 1195 (v.
856 1118 991 1195 17-20)
1012 1138 1114 1177 verum
1129 1120 1204 1179 vidit
1225 1120 1284 1180 iam
1300 1123 1432 1185 Foucar-

80 1243 85 1249 ·
102 1230 163 1279 tus.
188 1204 426 1279 'Thisbaeorum
447 1238 519 1299 ager
535 1238 602 1279 cum
619 1239 674 1296 per
688 1220 868 1279 deditionem
882 1221 1086 1279 Romanorum
1107 1220 1205 1280 sactus
1226 1234 1309 1282 essct
1328 1242 1432 1287 secun·

102 1320 175 1379 dum
196 1328 299 1379 notam
320 1320 479 1379 formulam
507 1320 588 1396 (Liv.
613 1320 777 1396 1‚38,t):
807 1324 945 1380 deditisne
971 1340 1022 1380 vos
1044 1322 1238 1399 populumque
1259 1324 1433 1388 Collatinum

102 1422 200 1481 urbem
213 1438 302 1497 apres
316 1438 423 1497 equum
437 1425 571 1480 cumines
591 1422 711 1480 delubro
724 1424 858 1480 utensilia
872 1423 971 1480 diuina
988 1422 1165 1499 humaneque
1178 1428 1272 1483 emnia
1292 1430 1323 1485 in
1343 1447 1434 1488 meum

99 1524 261 1600 populique
285 1522 410 1580 Romani
442 1524 596 1580 dicioneml
620 1518 783 1581 ‘Dedimus’.
826 1522 868 1581 At
898 1540 948 1598 epo
979 1526 1101 1599 recipio,
1134 1524 1196 1597 vel,
1222 1533 1256 1583 ut
1280 1538 1328 1585 cst
1353 1530 1434 1607 apud

103 1623 266 1700 Polybium
288 1622 338 1693 36,
360 1622 379 1679 4
402 1620 461 1699 [2]ι
483 1614 585 1705 χώραν
667 1612 716 1679 καὶ
737 1612 833 1680 allate
931 1610 1038 1704 ἄνδρας
1051 1612 1099 1679 καὶ
1115 1626 1256 1698 ’γυναῖκας
1341 1652 1434 1686 ποτα-

103 1717 176 1791 uode
194 1712 308 1789 λιμένας
328 1717 388 1803 ἱερὰ
408 1719 532 1799 τάφους,
553 1722 613 1781 iam
636 1740 707 1799 ager
727 1723 764 1781 iis
778 1722 922 1795 redditur,
944 1723 1081 1781 similiter
1099 1732 1189 1800 atque
1203 1725 1434 1791 Plarasensibus

104 1832 136 1883 et
148 1824 433 1901 Aphrodisiensibus
453 1825 636 1895 conceditur,
656 1815 730 1883 linus
750 1820 767 1892 ἦ
782 1814 865 1885 altae
878 1813 926 1879 nul
949 1821 973 1879 ci
987 1825 1114 1880 πολεῖται
1129 1865 1184 1883 ....
1198 1828 1300 1893 κωμῶν
1321 1827 1435 1913 χωρίων

103 1918 300 2007 ὅχυρωμάτων
321 1918 389 2006 dpuv
412 1914 555 2007 πραπίδων
580 1920 649 2007 apic
669 1918 719 1995 τὴν
740 1912 891 2001 pellicani
914 1920 973 1999 [ἔφ’
994 1920 1074 2002 ἧμ]ῒν
1095 1925 1234 2007 κρατῶσιν
1259 1926 1310 2003 (C.
1332 1930 1357 1989 Ι,
1381 1930 1435 1991 Gr,

106 2024 213 2101 stat).
255 2024 403 2083 Redditur
429 2032 528 2083 autem
555 2043 627 2102 ager
652 2027 710 2097 ita,
738 2032 770 2084 ut
796 2025 906 2083 habere
927 2022 1031 2095 liceat,
1058 2042 1119 2082 uon
1146 2034 1303 2087 uteorum
1325 2032 1380 2103 sit,
1406 2034 1438 2091 id

106 2135 155 2186 est
174 2126 232 2185 hoc
252 2124 413 2184 Thisbaeis
435 2126 584 2197 tribuitur,
606 2133 639 2183 ut
659 2144 764 2202 agrum
787 2144 876 2201 quem
898 2134 968 2183 ante
989 2124 1101 2184 bellum
1121 2126 1307 2201 habuissent,
1329 2140 1438 2206 postea

105 2245 226 2305 quoque
256 2226 401 2285 haberent
430 2243 491 2283 non
522 2226 710 2285 dominorum
747 2225 831 2297 loeo,
864 2226 919 2283 sed
954 2241 1183 2299 possessorum
1222 2248 1319 2305 neque
1349 2231 1438 2291 liber·

106 2336 199 2388 tatem
224 2327 384 2403 accipiunt,
414 2327 469 2385 sed
492 2326 669 2403 rediguntur
693 2327 771 2384 inter
795 2326 933 2384 civitates
958 2324 1167 2401 stipendiarias
1195 2327 1237 2403 (v.
1262 2329 1440 2406 Marquardt

107 2428 219 2488 enchir.
235 2427 265 2499 3,
282 2429 310 2499 l,
327 2426 410 2503 265).
426 2460 467 2471 —
489 2427 567 2486 Tam
589 2424 767 2504 [τι]ιιε[ν]αἷν
788 2443 879 2501 quam
901 2415 1075 2503 [>.ι]με’[ν]ων
1096 2425 1261 2489 Foucartus
1282 2434 1441 2508 proposuit

108 2530 166 2588 boe
186 2528 374 2605 praeferens,
401 2527 481 2605 quod
503 2528 600 2605 capite
623 2535 766 2603 sequente
787 2538 894 2604 agatur
918 2525 954 2583 dc
976 2526 1114 2603 templis;
1142 2533 1174 2585 at
1193 2546 1230 2586 eo
1252 2531 1351 2605 capite
1372 2550 1440 2591 cunr

108 2636 215 2707 agatur
233 2631 270 2688 de
292 2628 484 2701 sacerdotiis,
510 2629 559 2687 hic
580 2628 705 2687 delubra
725 2627 822 2685 omitti
842 2635 1009 2701 nequeunt,
1037 2646 1105 2685 cunr
1126 2629 1208 2704 quod
1229 2630 1338 2689 adsunt
1358 2633 1440 2710 apud

108 2730 229 2789 Livium
250 2738 281 2787 et
299 2728 469 2806 Polybium,
491 2739 555 2787 tum
576 2728 657 2805 quod
677 2729 744 2805 ipsa
763 2745 813 2786 res
834 2726 971 2802 requirit,
993 2734 1027 2784 ut
1047 2728 1220 2787 universum
1241 2731 1338 2789 solum
1361 2735 1441 2810 quod

109 2830 167 2890 fuit
194 2830 299 2907 populi
328 2847 394 2889 sese
420 2829 554 2888 dedentis
582 2840 643 2888 tam
671 2847 789 2888 sacrum
817 2846 907 2905 quam
933 2828 1091 2905 profanum
1119 2829 1225 2888 victori
1250 2832 1354 2909 populi
1374 2852 1442 2910 per·

110 2933 253 2990 mittatur.
297 2928 399 3005 Quare
426 2948 607 3008 quamquam
633 2930 722 2987 etiam
744 2936 849 3006 portus
869 2936 949 2987 recte
975 2928 1024 2987 bie
1044 2928 1141 2988 locum
1163 2930 1274 2991 habere
1294 2935 1393 3009 potuit
1413 2942 1444 2994 et

109 3032 238 3109 pluralis
252 3031 382 3091 fortusse
403 3033 550 3103 excusari,
573 3031 665 3090 malui
680 3031 779 3089 locum
800 3029 873 3089 dare
894 3030 1036 3105 antiquae
1058 3038 1088 3089 et
1102 3030 1266 3092 tralaticiae
1286 3033 1442 3094 formulae.

110 3122 251 3215 Πρᾶσοδοι
272 3132 384 3190 reditus
407 3140 491 3204 sunt,
519 3150 596 3209 quos
617 3133 747 3209 populus
770 3149 835 3191 sese
856 3130 968 3189 dedens
990 3149 1029 3188 cx
1052 3132 1120 3191 solo
1142 3152 1202 3191 nou
1224 3150 1280 3192 suo
1301 3136 1444 3214 percepit,

111 3242 145 3291 ut
164 3240 238 3307 puta
258 3231 371 3288 tributa
391 3249 497 3307 regum
524 3232 570 3289 vel
597 3233 776 3309 populorum
801 3231 863 3305 ipsi
889 3229 1085 3289 subditorum.
1128 3223 1214 3313 “Ope
1240 3234 1288 3292 vel
1314 3228 1372 3317 ὅροι
1399 3236 1445 3311 (id

115 3332 193 3390 euim
215 3329 429 3388 restituendum
450 3347 517 3388 esse
539 3348 631 3407 supra
647 3350 678 3407 p.
691 3330 751 3389 286
766 3328 826 3388 nl
843 3328 985 3403 vidimus)
1005 3331 1188 3405 respondent
1204 3332 1340 3392 terminis
1354 3332 1445 3407 Livii,

112 3424 185 3513 ὅροις
205 3429 300 3488 titulis
321 3430 411 3487 modo
432 3429 525 3487 citati.

195 3528 303 3607 Capite
330 3528 461 3589 secundo
488 3529 529 3604 (v.
558 3526 707 3605 20-24)
735 3537 855 3586 cavetur
884 3528 921 3587 de
946 3529 1171 3604 magistratibus
1200 3537 1230 3589 ct
1258 3534 1445 3608 sacerdotiis,

38 3650 41 3655 ·
112 3632 185 3691 item
211 3631 249 3689 de
274 3630 473 3708 vectigalibus
500 3630 629 3706 publicis
654 3628 908 3690 administrandis.
956 3627 1000 3688 Ut
1031 3647 1068 3687 ea
1094 3630 1196 3687 omnia
1222 3632 1253 3688 in
1282 3649 1338 3690 suo
1365 3641 1446 3693 statu

113 3738 264 3803 maneant,
284 3732 317 3790 id
338 3738 385 3789 est
404 3740 437 3789 ut
458 3748 529 3789 suas
550 3730 631 3807 loges
655 3730 800 3789 Thisbaei
821 3729 979 3803 retineant,
1001 3738 1142 3788 nontam
1164 3733 1335 3791 enuntiatur
1355 3751 1446 3809 quam

114 3834 205 3893 tacite
225 3830 393 3891 admittitur
407 3831 581 3890 condicione
600 3831 752 3907 imposita,
774 3838 807 3889 ut
825 3848 879 3906 per
898 3830 999 3890 decem
1020 3849 1117 3890 annos
1131 3833 1287 3907 proximos
1302 3833 1447 3894 Thisbaei

114 3934 136 3993 ii
159 3933 227 4004 soli,
252 3934 395 4009 quiante
417 3932 670 4010 oppugnationem
698 3931 802 4009 oppidi
827 3931 865 3989 ad
885 3930 1040 3990 Romanos
1063 3932 1277 4007 descivissent,
1302 3934 1447 3994 iurabas

116 4042 147 4093 et
171 4034 370 4110 vectigalibus
397 4032 527 4109 publicis
554 4032 800 4090 administrandis
825 4040 996 4104 versentur,
1027 4032 1136 4109 reliqui
1161 4053 1217 4092 nec
1241 4035 1371 4095 honores
1398 4054 1448 4095 ca·

116 4142 243 4212 pessunt
263 4152 318 4192 uec
338 4132 476 4209 publicos
498 4132 610 4191 reditus
631 4139 766 4191 tractent
798 4131 883 4191 Haec
904 4151 1003 4208 poena
1023 4142 1069 4191 est
1090 4142 1177 4191 extra
1198 4134 1333 4193 ordinem
1354 4137 1447 4194 sociis

115 4233 331 4293 Haliartiorum
353 4242 385 4291 et
406 4230 629 4291 Coronaeorum
650 4231 804 4309 imposita;
830 4231 1026 4289 illudentem
1048 4233 1137 4290 etiam
1159 4232 1198 4290 ad
1218 4235 1352 4310 reliquas
1373 4236 1448 4295 civi·

117 4344 194 4395 tates
222 4332 433 4411 stipendiarias
460 4332 578 4391 videtur
603 4332 766 4409 pertinere,
799 4330 879 4407 quod
904 4330 1011 4389 iisdem
1039 4349 1112 4390 suae
1138 4332 1221 4409 leges
1249 4351 1310 4393 non
1336 4334 1448 4394 diserte

116 4434 288 4506 reddantur,
315 4433 369 4492 sed
389 4433 537 4510 precario,
563 4452 619 4492 nec
644 4450 713 4491 raro
731 4431 862 4490 fortasse
886 4431 918 4489 in
939 4440 1057 4509 tempus
1084 4440 1209 4506 tautum,
1230 4433 1447 4511 relinquantur.
1496 4468 1501 4478 ·

117 4533 224 4611 Neque
251 4534 330 4593 enim
356 4551 392 4592 eo
419 4532 560 4592 differunt
585 4533 722 4593 civitates
744 4532 958 4609 stipendiariae
979 4551 998 4591 a
1018 4532 1135 4606 liberis,
1161 4533 1243 4609 quod
1271 4551 1341 4594 suas
1362 4536 1447 4613 leges

117 4634 188 4693 illas
213 4653 275 4693 non
295 4635 407 4693 babent
432 4634 475 4709 (r.
498 4634 673 4710 Marquardt
698 4634 719 4692 l.
741 4632 797 4707 c.),
825 4632 878 4691 sed
904 4632 985 4708 quod
1011 4633 1058 4691 his
1084 4633 1110 4691 si
1136 4651 1197 4692 non
1223 4635 1290 4711 lage
1316 4635 1447 4711 publica,

117 4742 199 4795 certe
224 4744 347 4793 senatus
375 4734 510 4795 consulto
537 4736 766 4805 confirmantur,
791 4734 852 4792 illis
878 4733 921 4792 ita
946 4734 1170 4809 relinquuntur,
1198 4742 1232 4792 ut
1257 4734 1384 4795 liberum
1408 4736 1449 4795 sit

119 4836 238 4897 senatui
259 4852 311 4895 eas
332 4853 400 4892 cum
422 4834 495 4893 velit
513 4836 552 4893 iis
575 4835 714 4893 adimere.

202 4935 303 5012 Caput
323 4936 442 4993 tertium
465 4936 507 5011 (v.
531 4933 668 5009 ιιι-97)
690 4936 770 4993 bona
790 4936 909 5009 privata
930 4934 973 4992 ita
992 4934 1157 5005 confirmat,
1183 4944 1216 4992 ut
1236 4943 1356 4995 maneat
1375 4938 1448 4996 item

121 5036 303 5112 stipendium
325 5046 413 5095 antea
438 5037 476 5095 iis
503 5035 683 5114 impositum.
727 5035 825 5095 Aliter
852 5034 930 5094 euim
957 5036 1048 5094 vcrba
1073 5053 1093 5093 a
1114 5034 1263 5095 Foucarto
1289 5054 1348 5096 uon
1368 5049 1447 5099 recte

1203 5136 1241 5196 21
