3480 5804
209 1365 292 1478 uu
331 1364 546 1480 alueus
585 1368 947 1488 evnvsulu
981 1374 1053 1489 tu
1087 1374 1533 1492 HElOEROLOGIO

263 1538 569 1653 uulmvu
604 1540 938 1656 luvnrvu
975 1543 1480 1662 eommuoulua.

770 1839 974 1854 *nn—5

293 2025 423 2086 Aedium
450 2042 603 2087 sacrarum
630 2028 714 2088 urbia
740 2030 856 2091 Romae
887 2030 1057 2110 catalogum
1082 2052 1122 2093 ex
1147 2033 1296 2094 fautorum
1327 2035 1537 2112 annaliumque

209 2125 400 2201 potissimum
421 2127 556 2204 reliquiis
577 2147 790 2207 reeompenere
811 2132 871 2190 uisi
894 2133 1075 2210 topographi
1100 2134 1314 2210 neglexissent,
1339 2143 1374 2194 ut
1397 2138 1538 2215 neglexe-

210 2239 278 2285 rant
303 2228 424 2287 nomina
449 2229 599 2302 vicorum,
636 2240 756 2289 cautum
788 2239 869 2290 eeeet
898 2251 937 2291 ne
975 2233 1085 2309 quibua
1118 2235 1206 2309 quasi
1236 2236 1268 2292 in
1295 2245 1469 2294 transcursu
1501 2237 1538 2295 de

208 2328 336 2406 singulis
364 2329 512 2404 agendum
539 2342 585 2389 eet
610 2331 719 2389 iterum
744 2331 912 2407 iterumque
936 2332 967 2389 in
992 2349 1110 2391 errores
1131 2333 1318 2392 inducantur.
1362 2335 1463 2394 Veluti
1485 2337 1538 2412 qui

208 2447 305 2506 nuper
325 2429 522 2509 hemerologii
536 2429 694 2489 Arvalium
715 2431 859 2508 reliquias
873 2442 1085 2491 enarraverunt
1098 2432 1259 2492 Henzenue
1283 2433 1386 2510 (Seaei
1399 2453 1429 2510 p.
1442 2436 1481 2494 88
1497 2436 1538 2512 e.)

210 2539 240 2588 et
260 2529 463 2590 Mommsenue
490 2530 581 2607 (Epi.
599 2532 626 2603 1,
650 2531 688 2590 36
708 2531 748 2607 a.)
775 2549 836 2590 non
861 2533 969 2591 mirum
996 2542 1043 2590 eet
1068 2533 1150 2608 quod
1172 2533 1249 2610 Opia
1275 2533 1408 2610 opiferae
1429 2552 1538 2594 nomen

209 2629 251 2689 ibi
271 2649 382 2690 novum
404 2648 574 2707 comparere
595 2631 749 2691 dixerunt:
772 2632 908 2710 neglecta
921 2631 1000 2690 enim
1016 2633 1233 2708 obseurataque
1247 2634 1346 2692 iacent
1360 2635 1539 2710 scriptorum

210 2730 261 2806 qui
293 2749 360 2790 eam
392 2739 699 2792 commemoraverunt
730 2734 831 2792 verba.
875 2732 966 2791 habet
996 2741 1095 2790 autem
1127 2733 1361 2812 hemerologium
1392 2735 1469 2794 illud
1500 2736 1539 2794 ad

209 2831 236 2890 (1.
261 2829 299 2890 23
321 2833 400 2908 Aug.
423 2832 509 2891 talia:

209 2984 371 3062 Aueiae
892 2925 1350 3074 WVOLCANO

374 3109 406 3164 ia
420 3105 741 3166 aireeFlamJatamaa
756 3114 785 3164 et
795 3103 1375 3182 aympntslncentron-ortana

376 3205 416 3263 ad
479 3206 573 3265 laeum
635 3204 806 3278 Interam,
881 3205 1373 3281 QIIR·1N·COLLE·VOLK

377 3345 748 3364 ........
805 3309 837 3363 e'a
881 3303 1020 3365 coitur

207 3459 343 3519 Primum
364 3457 455 3535 igitur
476 3457 513 3517 de
533 3456 610 3535 Opis
637 3457 770 3533 opiferae
791 3466 821 3515 et
842 3457 961 3518 nomine
983 3465 1013 3517 et
1033 3459 1108 3518 aede
1128 3457 1312 3517 luculentum
1333 3459 1535 3522 testimouium

209 3561 281 3620 olim
295 3559 417 3619 extabat
438 3559 469 3617 in
492 3559 675 3618 editionibus
689 3559 782 3618 Plinii
803 3566 863 3617 nat.
878 3559 950 3617 hiet.
967 3559 1016 3631 11,
1040 3558 1099 3616 174
1120 3559 1191 3616 hoe:
1214 3557 1359 3616 Metellum
1375 3562 1537 3636 pontificem

207 3664 279 3721 adeo
300 3660 503 3737 inexplanatae
517 3660 665 3737 (linguae)
678 3661 776 3736 saieee
795 3661 961 3734 aooipimae,
982 3668 1014 3717 at
1032 3659 1127 3718 multia
1141 3659 1281 3717 maruthae
1296 3668 1387 3719 tortae
1403 3663 1536 3722 meriatur

206 3764 273 3823 dam
287 3762 439 3821 meditatur
452 3765 483 3820 tn
497 3762 657 3821 dedicanda
677 3761 746 3820 aede
762 3759 900 3838 Optserae
915 3761 1017 3819 dicere.
1053 3760 1096 3818 ita
1109 3760 1188 3818 enim
1202 3759 1274 3817 boui
1288 3758 1407 3822 eodiaee
1421 3781 1534 3838 omnes,

204 3864 264 3924 niei
278 3863 359 3940 quod
374 3861 504 3937 optimus
519 3861 683 3937 rescriptue
699 3862 847 3939 opisaerae
860 3863 998 3940 opeyerae.
1042 3861 1176 3920 correxit
1188 3861 1263 3919 haee
1276 3859 1446 3921 Urliehaiue
1462 3867 1533 3924 scri-

205 3965 303 4025 bendo
318 3964 388 4021 aede
406 3962 478 4039 Opia
495 3962 690 4021 verbodicere
708 3979 836 4038 eumque
855 3962 948 4021 secuti
970 3971 1041 4020 eunt
1054 3961 1145 4020 Ianus
1164 3973 1194 4020 et
1208 3960 1413 4022 Detleieenue.
1449 3967 1533 4042 atqui

205 4073 277 4125 nota
296 4071 383 4122 erant
399 4063 492 4122 etiam
510 4071 581 4121 ante
605 4069 780 4138 recuperata
804 4063 1000 4138 hemerologii
1017 4063 1184 4139 fragmenta
1202 4063 1294 4121 verba
1314 4063 1477 4142 Augustini
1495 4067 1532 4124 ule

204 4165 262 4226 aiv.
284 4162 332 4222 dei
352 4164 383 4235 4,
407 4162 455 4234 ll,
480 4162 532 4220 ubi
552 4163 630 4221 inter
650 4161 796 4221 Lucinam
819 4170 849 4221 et
869 4163 958 4222 deum
977 4156 1159 4223 Vaticanum
1183 4160 1279 4238 Opem
1301 4163 1460 4223 infantium
1481 4184 1531 4240 pa·

204 4273 322 4323 trenam
343 4261 387 4321 eia
407 4261 548 4321 inseruit:
572 4267 634 4338 ipae
655 4261 773 4336 (Iovem
794 4263 880 4338 dicit)
902 4282 982 4339 opem
997 4265 1080 4337 serat
1099 4263 1277 4321 morentiae
1299 4266 1462 4353 eaeiptenolo
1484 4284 1530 4324 eoa

204 4368 270 4426 alna
291 4372 384 4424 terrae
403 4370 430 4420 et
449 4372 563 4422 ooeetar
588 4361 670 4440 Opta.
701 4363 804 4440 itaque
825 4369 902 4422 tecte
923 4361 1042 4440 quidem
1064 4381 1168 4421 verum
1190 4363 1264 4422 satie
1279 4361 1360 4421 clare
1382 4364 1531 4442 signifieat

203 4473 323 4544 praeter
349 4460 523 4523 Oonairiam
549 4460 647 4541 Opem
672 4470 775 4523 notam
800 4463 938 4523 ammius
963 4462 1022 4523 ooli
1046 4461 1211 4540 Opiieram.
1260 4481 1339 4522 nuno
1365 4465 1438 4540 quin
1463 4465 1530 4543 ipae

202 4564 377 4626 Urlioheiue
398 4564 598 4624 coniecturam
612 4581 698 4625 auam
719 4564 862 4624 abiecerit
881 4583 942 4624 non
963 4563 1081 4624 dubitet
1104 4571 1230 4641 apparet
1250 4563 1438 4624 scribendum
1460 4584 1529 4626 esee

207 4666 266 4744 Opi
287 4666 426 4744 opperae.
458 4663 511 4725 aed
531 4665 610 4725 inter
622 4665 762 4727 Metellae
783 4682 852 4725 aum
873 4665 933 4726 duo
950 4663 1150 4735 inveniantur,
1170 4680 1247 4740 quos
1262 4673 1380 4724 constet
1400 4666 1529 4744 collegio

202 4766 377 4845 pontificum
403 4762 959 4842 adeofiptaaiuleee,1a0aeeilium
984 4763 1138 4825 Metellum
1164 4780 1225 4824 eoa.
1254 4782 1281 4822 a
1310 4765 1381 4824 503.
1411 4766 1470 4824 507
1499 4779 1529 4826 et

202 4867 240 4928 L.
263 4865 428 4930 Caecilium
448 4864 603 4928 Metellum
624 4864 826 4929 Delmatiam
848 4882 913 4929 eae.
932 4882 962 4927 ι
983 4863 1046 4955 ρδδ
1066 4880 1147 4925 aena.
1169 4883 1197 4924 a.
1220 4863 1279 4925 639
1301 4864 1428 4941 (utimur
1449 4869 1529 4928 enim

203 4970 326 5049 egregio
347 4967 537 5029 sacerdotum
557 4967 683 5029 denaba
702 4984 793 5047 quem
813 4964 841 5031 0
915 4952 968 5029 mit
985 4982 1083 5047 nuper
1102 4965 1241 5037 confecit,
1268 4968 1314 5025 dte
1334 4965 1458 5028 litator
1477 4970 1529 5028 uer

202 5074 264 5133 aior
286 5086 406 5150 praem
434 5067 594 5149 collata,
618 5058 839 5149 proga'aehal
943 5064 1101 5147 11871),
1126 5065 1164 5128 ‹le
1184 5066 1239 5127 illo
1261 5065 1383 5144 quidem
1404 5070 1528 5148 cogitari

294 5165 305 5182 '
509 5158 517 5175 '
636 5166 640 5173 '
696 5216 702 5225 .
1286 5168 1323 5227 17
1358 5203 1361 5208 -
