3480 5804
556 507 722 558 uvuurua
741 507 983 559 cousvnsms.
1360 490 1428 560 197

104 693 135 741 et
156 681 205 741 Xl
224 680 369 739 kalendas
384 679 507 757 Apriles
529 681 705 755 magistratu
720 680 811 738 farneti
826 698 894 739 esse
908 681 1097 739 inveniantur
1119 681 1171 757 (et.
1187 683 1246 740 tab.
1263 684 1330 741 hon.
1347 684 1431 742 miss.

105 784 165 842 vol.
183 783 239 854 ΙΙΙ,
259 782 394 840 XXXII.
413 780 589 857 XXXIII),
615 781 743 856 primum
764 789 843 839 certe
865 781 1029 840 nundinum
1052 801 1110 840 non
1132 783 1272 843 bimestre
1294 785 1357 854 luit,
1380 786 1432 844 sed

105 895 157 944 aut
178 885 326 943 trimestre
348 893 401 941 aut
421 882 648 959 quadrimestre.
685 882 752 940 Hoc
773 891 871 941 autern
894 882 965 940 mihi
981 884 1077 961 magis
1093 885 1248 960 probatur:
1270 904 1338 943 nam
1354 907 1433 945 anno

104 1004 225 1062 quoque
250 985 308 1043 134
334 983 565 1059 quadrimestria
585 983 681 1042 tuisse
701 983 836 1042 nundina
857 984 962 1042 consul
984 984 1114 1043 ostendit
1134 985 1304 1047 ordinarius
1326 987 1362 1045 T.
1379 987 1433 1046 Vi·

105 1088 172 1146 bius
188 1086 288 1145 Varus
316 1104 382 1144 cum
406 1085 443 1144 T.
470 1083 597 1143 Haterio
619 1083 738 1162 Nepote
764 1102 939 1144 successore
962 1084 1099 1146 Serviani
1125 1088 1230 1145 consul
1258 1099 1327 1147 aute
1356 1089 1433 1170 diem

106 1188 168 1246 1111
188 1204 283 1246 nonas
299 1187 421 1263 Apriles
444 1184 517 1260 (tab.
541 1186 610 1245 hon.
632 1186 715 1245 miss.
738 1187 796 1244 vol.
812 1186 871 1258 ΙΙΙ,
886 1186 1051 1262 XXXIV).
1087 1187 1191 1265 ltaque
1205 1188 1359 1249 Hadriano
1380 1191 1433 1249 im-

105 1296 229 1366 perante
256 1297 316 1347 tarn
342 1288 373 1346 in
399 1287 474 1345 duos
502 1306 592 1363 quam
617 1287 765 1346 interdum
791 1288 821 1346 in
849 1294 1012 1364 quaternos
1034 1306 1167 1366 quoque,
1194 1291 1323 1351 sortasse
1344 1292 1432 1351 etiam

108 1392 138 1449 in
161 1401 261 1448 ternos
283 1404 401 1447 menses
422 1388 520 1446 fasces
541 1387 604 1445 dati
625 1397 703 1447 sunt.

191 1490 239 1549 De
260 1489 407 1549 Antonini
429 1489 477 1548 Pii
504 1486 776 1566 imperatorumque
802 1491 854 1567 qui
881 1501 1047 1567 sequuntur
1071 1492 1255 1570 temporibus
1277 1495 1436 1554 difficulter

65 1578 72 1589 ⁸
107 1592 232 1650 iudicari
252 1598 363 1667 potest,
384 1609 453 1648 eum
474 1590 505 1648 in
527 1592 634 1648 horum
653 1592 853 1650 monumentis
869 1592 984 1651 suffecti
999 1593 1139 1653 consules
1154 1612 1221 1653 raro
1236 1597 1435 1656 nominentur.

108 1691 252 1751 Nundius
272 1701 371 1750 tsmen
392 1691 549 1750 bimestris
567 1691 663 1768 magIs
682 1691 839 1768 magisque
860 1692 998 1752 videntur
1015 1695 1186 1754 invaluisse.
1223 1695 1266 1756 Ut
1280 1716 1359 1756 anno
1377 1697 1435 1755 156

107 1793 246 1852 kalendis
267 1793 389 1868 quidem
410 1793 556 1852 Ianuariis
578 1793 618 1851 M.
635 1790 779 1852 Ceionius
800 1792 954 1852 Barbarus
976 1804 1007 1853 et
1026 1795 1067 1854 M.
1087 1795 1220 1854 Metilius
1234 1797 1370 1874 Regulus
1391 1800 1437 1857 in·

108 1895 215 1964 ierunt,
240 1893 336 1971 pridie
358 1913 430 1952 vero
451 1894 520 1952 idus
541 1893 668 1952 Martias
689 1895 727 1952 A.
749 1885 879 1953 Avillius
898 1893 1056 1953 Urinatius
1078 1895 1253 1970 Quadratus
1275 1908 1305 1957 ct
1327 1897 1437 1959 Strabo

110 1996 298 2054 Aemilianus
325 1995 503 2072 magistratu
524 1994 723 2071 iungebantur
744 1993 814 2070 (act.
837 1995 941 2054 Arval.
965 2013 992 2054 a.
1011 1996 1101 2072 155),
1130 2005 1162 2055 ιιι
1183 1998 1279 2057 fasces
1300 2018 1336 2057 eo
1359 2018 1438 2058 anno

109 2098 140 2155 in
163 2098 254 2155 binos
280 2113 401 2156 menses
426 2095 514 2154 datos
539 2113 606 2154 esse
628 2105 737 2172 pateat.
780 2095 863 2154 Idem
887 2096 924 2155 de
946 2103 1042 2156 aetate
1056 2106 1118 2157 'sua
1138 2098 1268 2157 affirmat
1288 2099 1349 2158 Dio
1372 2095 1437 2176 (43,

110 2197 165 2274 46)
187 2196 224 2256 (Ιε
245 2207 379 2274 tempore
401 2197 608 2257 consulatuum
630 2197 674 2255 sio
695 2197 842 2256 scribens:
864 2196 895 2254 ἐκ
917 2191 942 2254 δ’
957 2187 1004 2254 οὖν
1026 2200 1079 2254 τοῦ
1098 2188 1205 2280 χρόνον
1228 2191 1330 2256 ἐκείνου
1348 2192 1437 2258 οὐκέτι

111 2299 134 2355 οἱ
161 2289 241 2354 arisel
266 2292 313 2355 deri
341 2293 446 2358 παντός
473 2301 524 2357 τοῦ
549 2287 630 2356 ἔτους
653 2291 727 2367 πλὴν
746 2290 850 2373 ὄλι’·γων
871 2287 947 2354 selvo
969 2321 1005 2373 γε
1027 2289 1209 2365 inclusero,
1234 2296 1300 2356 dss’
1323 2292 1360 2361 cde
1382 2323 1436 2358 που

110 2389 157 2456 sal
179 2391 297 2475 ἔτυχον,
322 2398 346 2456 ei
366 2388 415 2464 ab
436 2390 480 2456 trel
501 2390 629 2463 πλείους,
651 2397 674 2454 οἱ
696 2392 726 2454 δὲ
748 2393 791 2454 ἐπ’
813 2389 965 2464 ἐλάττους,
990 2397 1013 2454 οἱ
1034 2387 1082 2463 μὲν
1103 2401 1208 2467 μῆνας,
1230 2401 1253 2457 ei
1275 2391 1305 2458 dl
1326 2393 1438 2485 ἧμὲρας,

112 2490 170 2556 ἐπεὶ
201 2501 249 2556 νῦν
276 2522 312 2575 γε
341 2489 433 2559 οὖδεῖς
459 2487 522 2555 οὔτε
549 2494 591 2554 ἐπ’
618 2492 757 2564 brastis,
785 2487 849 2554 edre
877 2497 911 2556 ἒς
936 2489 1040 2554 πλείω
1070 2492 1213 2568 διμῆνου
1242 2492 1370 2583 χρὸνου
1400 2501 1439 2564 ὥς

110 2592 221 2669 πλήθει
243 2594 296 2656 eda
316 2590 395 2682 ἑτέρῳ
418 2589 467 2656 τινὶ
489 2588 586 2681 ἄρχει.
622 2597 671 2657 Ne
692 2606 792 2657 tamen
814 2600 918 2658 eredas
941 2608 1002 2658 tum
1024 2617 1142 2675 semper
1162 2601 1194 2658 in
1214 2602 1302 2661 binos
1319 2621 1438 2663 menses

112 2702 211 2760 fasces
233 2702 319 2760 datos
340 2717 419 2772 esse,
441 2699 573 2758 nundina
593 2699 786 2758 inveniuntur
805 2701 877 2758 item
899 2719 935 2758 ea
955 2708 1052 2759 aetate
1073 2708 1124 2759 sut
1146 2701 1284 2760 breviora
1305 2712 1356 2762 aut
1374 2705 1437 2764 lon·

113 2803 206 2879 giers.
250 2802 290 2860 Et
314 2801 434 2860 brevius
455 2800 575 2877 quidem
596 2799 654 2858 fuit
676 2801 812 2859 ultimum
834 2808 914 2859 certe
934 2801 1005 2860 anui
1022 2802 1096 2870 155,
1122 2819 1182 2878 quo
1203 2804 1346 2862 ordiosrii
1368 2824 1437 2865 con·

114 2904 193 2962 soles
215 2909 426 2978 processerunt
448 2900 577 2963 Severus
599 2910 630 2960 et
651 2901 790 2973 Rufinus,
816 2911 1083 2960 commemorantur
1103 2902 1210 2962 deinde
1232 2922 1334 2964 mense
1356 2907 1438 2966 Maio

113 3023 181 3063 cum
203 3003 320 3079 collega
340 3004 442 3062 neseio
464 3020 524 3079 quo
540 3000 576 3062 G.
591 3002 739 3061 Aucidius
753 3001 860 3062 Victor
880 3002 951 3078 (act.
967 3003 1072 3061 Arval.
1095 3023 1122 3062 a.
1141 3004 1224 3080 155),
1246 3005 1294 3066 die
1315 3007 1364 3066 ΙΙΙ
1386 3029 1438 3068 uo·

113 3123 168 3164 nas
182 3103 370 3163 Novembres
385 3103 495 3162 Antius
509 3103 609 3162 Pollio
629 3113 659 3162 et
674 3103 854 3181 OpImianus
874 3103 993 3180 quidam
1016 3102 1085 3180 (Or.
1100 3105 1207 3181 4370),
1228 3106 1355 3185 denique
1370 3119 1439 3170 snte

114 3205 193 3263 diem
215 3205 262 3262 111
283 3205 351 3264 idus
374 3204 557 3263 Decembres
580 3205 639 3263 duo
661 3202 765 3264 Severi
787 3204 858 3279 (act.
881 3204 986 3262 Arval.
1009 3224 1036 3263 a.
1055 3205 1141 3281 155),
1164 3214 1197 3265 ut
1220 3207 1251 3264 hi
1272 3229 1438 3284 perunum

114 3324 244 3366 mensem
265 3305 458 3365 Decembrem
482 3323 631 3363 summum
653 3304 796 3363 honorem
818 3305 985 3363 obtinuisse
1006 3304 1172 3363 videantur.
1215 3305 1329 3367 Notum
1350 3329 1440 3386 porro

114 3415 161 3466 est
191 3408 357 3482 imperante
387 3403 552 3465 Commodo
583 3405 723 3463 eonsules
755 3405 863 3480 viginti
893 3404 1025 3480 quinque
1056 3422 1114 3462 uno
1146 3424 1225 3464 anno
1257 3406 1439 3470 Cleandrum

115 3507 312 3567 nomiuaudos
338 3523 458 3565 curasse
483 3503 634 3582 (ὓίοῖ2,
653 3503 714 3580 12).
757 3503 784 3562 II
806 3504 956 3562 conbario
977 3504 1115 3581 longiora
1135 3506 1269 3565 nnndIna
1289 3511 1360 3567 anni
1381 3512 1439 3571 184

115 3609 254 3666 videntur
283 3608 387 3666 fuisse.
435 3606 485 3664 Ad
518 3613 587 3664 acta
616 3605 696 3665 euim
725 3605 882 3663 Arvalium
915 3604 985 3662 anni
1008 3604 1065 3664 183
1099 3623 1166 3664 eum
1198 3607 1372 3668 adnotatum
1400 3613 1440 3670 sit

115 3709 265 3786 piaculum
293 3709 332 3766 ob
358 3708 429 3766 ferri
458 3707 615 3766 elationem
643 3705 754 3766 Iactnm
782 3723 849 3765 esse
877 3713 945 3764 ante
971 3705 1049 3764 diem
1077 3706 1139 3765 XV
1161 3706 1307 3768 kalendas
1335 3709 1440 3770 luntas

114 3811 184 3868 anui
209 3809 283 3881 184,
309 3808 460 3886 piaculum
486 3809 524 3866 ob
551 3808 723 3867 iulationem
748 3807 820 3866 ferri
846 3815 927 3865 certo
952 3806 1057 3884 paucis
1085 3807 1189 3867 diebus
1215 3818 1284 3868 ante
1312 3811 1440 3872 alterum

114 3910 225 3969 tactum
255 3918 301 3969 est
327 3910 517 3983 consulibus,
546 3909 624 3968 sicut
649 3919 717 3968 acta
742 3915 903 3979 testantur,
935 3906 972 3966 L.
1001 3904 1151 3967 CessenIo
1177 3908 1275 3988 Eggio
1300 3912 1441 3986 Marullo,

117 4007 172 4068 Cn.
194 4009 318 4085 Papirio
339 4011 481 4082 Aeliano,
509 4009 541 4067 id
568 4017 616 4068 est
639 4011 704 4068 eius
729 4009 799 4068 anui
825 4008 992 4066 ordiuariis.
1035 4007 1077 4067 Hi
1105 4009 1197 4084 igitur
1222 4029 1324 4070 mense
1345 4014 1441 4090 Aprili

115 4110 273 4167 consulatu
300 4109 432 4167 nondum
460 4127 493 4167 se
521 4109 785 4184 abdicaverant¹)‚
814 4108 893 4167 unde
918 4108 1050 4166 nundina
1077 4110 1309 4185 qnadrImestris
1336 4114 1441 4172 etism·

117 4219 180 4267 tom
206 4210 237 4266 in
263 4224 321 4265 usu
347 4208 443 4266 luisse
466 4209 609 4284 sequitur.
655 4200 763 4283 Itaque
789 4227 826 4266 ne
852 4207 908 4266 sub
933 4207 1096 4266 Antoninis
1123 4209 1244 4283 quidem
1273 4212 1340 4268 sols
1366 4231 1441 4270 nun-

117 4309 189 4367 dina
207 4308 362 4367 bimestris
382 4307 510 4378 fuerunt,
532 4307 584 4366 sed
606 4307 653 4365 vel
676 4325 712 4366 ea
732 4313 830 4364 aetate
850 4306 949 4364 fasces
970 4306 1118 4365 interdum
1139 4307 1286 4368 dabantur
1306 4311 1336 4367 iu
1358 4331 1440 4370 men·

118 4427 167 4468 ses
194 4406 284 4466 modo
309 4407 412 4484 plures
439 4406 529 4466 modo
555 4407 728 4484 pauciores,
761 4406 881 4465 etiamsi
909 4416 995 4465 extra
1022 4406 1155 4470 ordinem
1183 4407 1214 4466 id
1240 4411 1383 4470 accidisse
1412 4418 1443 4471 et

117 4496 292 4586 plerumq'ue
312 4527 367 4585 per
386 4508 475 4566 binos
496 4525 614 4567 menses
635 4505 734 4566 issees
749 4514 853 4584 gestos
867 4524 936 4565 esse
949 4507 1043 4565 Dioni
1057 4507 1180 4566 omnino
1193 4508 1371 4570 credendum
1386 4518 1442 4571 est.

119 4661 324 4680 *-

195 4765 220 4826 ¹)
248 4765 280 4815 In
299 4766 364 4816 actis
376 4765 513 4814 Arvalium
532 4778 658 4819 annorum
672 4765 723 4814 221
740 4763 847 4826 (Marini
860 4763 906 4825 42)
924 4768 951 4813 ει
963 4763 1015 4814 225
1035 4763 1081 4825 (id.
1095 4764 1140 4827 43)
1159 4765 1229 4830 quod
1241 4767 1269 4816 ln
1281 4766 1333 4817 illis
1346 4766 1442 4820 Gratus

119 4862 145 4905 et
163 4856 285 4908 Seleucus
303 4863 363 4905 aute
381 4855 450 4905 diem
463 4856 517 4906 VH
535 4854 593 4904 idus
604 4854 699 4916 Maias,
719 4856 745 4905 in
765 4855 805 4905 hle
819 4854 917 4905 Ειιεοιιε
928 4854 957 4905 11
975 4861 1001 4904 et
1012 4853 1112 4905 Dexter
1129 4855 1213 4907 XIIII
1225 4856 1349 4906 kalendas
1357 4857 1444 4908 Maias

119 4947 237 4996 eonsules
260 4952 502 5007 commemorantur,
525 4944 587 4995 inde
609 4944 696 5009 potius
720 4944 900 5009 explicandum
918 4950 968 5006 est,
992 4944 1063 5010 quod
1080 4945 1205 4996 ordlnsril
1224 4954 1278 4997 tum
1296 4961 1343 5012 per
1360 4954 1443 4998 totum

121 5051 216 5086 annum
235 5038 321 5086 notari
339 5037 471 5098 solebant,
494 5035 659 5086 suffectorum
678 5035 785 5086 nomina
802 5049 863 5086 raro
881 5035 1033 5086 citabantur.
1070 5037 1116 5090 Ad
1134 5045 1192 5091 scta
1210 5045 1296 5090 ιιιιειιι
1314 5039 1376 5090 anui
1390 5038 1443 5088 183

121 5126 148 5177 id
168 5128 274 5178 mimate
292 5129 420 5192 pertinere
438 5127 491 5180 alis
509 5127 625 5179 nundina
644 5125 782 5178 ostendunt
799 5127 826 5177 in
845 5127 909 5177 actis
926 5127 1076 5192 perscripta.
