3480 5804
326 480 373 551 78
899 495 1082 547 nouusarv

324 669 526 738 voluminum,
556 686 635 742 quae
662 667 751 725 hodie
781 665 967 724 conscribere
997 667 1095 724 solent
1120 684 1238 723 omnem
1267 665 1396 741 lapidem
1424 674 1579 725 moventes
1602 667 1658 725 im·

323 771 434 847 perite,
463 768 560 826 libelli
582 768 689 826 breves
711 767 885 838 succedant3
914 766 1020 825 deinde
1042 776 1076 824 ut
1096 785 1149 841 per
1170 765 1282 841 gradus
1302 767 1493 841 perveniatur
1514 769 1553 827 ad
1572 768 1659 827 Lati·

323 890 380 930 nac
406 871 590 928 litteraturae
613 869 694 926 vices
720 867 881 926 secundum
909 878 1023 926 aetates
1049 876 1079 926 et
1098 867 1236 943 regiones
1258 876 1397 924 accurate
1419 867 1604 927 definiendas
1626 877 1658 926 et

324 972 412 1047 quasi
440 970 568 1027 dixerim
591 969 751 1043 unicuique
773 955 1016 1026 soloecismorum
1039 976 1067 1026 et
1088 968 1339 1026 barbarismorum
1361 969 1463 1044 generi
1485 987 1557 1027 suos
1579 969 1657 1028 fines

324 1070 538 1147 adsignandos.
586 1069 728 1146 Exempli
762 1086 854 1126 causa
887 1087 940 1144 per
966 1069 1068 1127 Rossii
1101 1068 1287 1143 praeclarum
1320 1085 1397 1142 opus
1428 1069 1656 1145 inscriptionum

324 1172 553 1232 christianarum
575 1172 754 1229 urbanarum
777 1169 888 1228 saeculi
910 1170 1009 1246 quarti
1030 1177 1060 1226 et
1081 1170 1175 1245 quinti
1197 1169 1256 1226 iam
1279 1186 1475 1245 assequemur
1495 1170 1561 1227 eius
1582 1179 1657 1228 tem·

324 1273 405 1349 poris
437 1272 584 1331 sermonis
611 1271 719 1329 urbani
746 1271 857 1346 plebeii
882 1270 956 1328 satis
983 1270 1105 1328 uberem
1130 1269 1281 1340 notitiam3
1312 1270 1507 1345 similiterque
1533 1267 1656 1328 tractari

323 1381 465 1449 poterunt
489 1374 579 1430 etiam
600 1371 735 1430 Africani
761 1371 853 1442 tituli,
879 1378 1038 1445 postquam
1064 1386 1116 1428 eos
1142 1370 1180 1427 ab
1201 1369 1342 1428 Renierio
1367 1371 1537 1448 recognitos
1563 1370 1656 1429 babe-

323 1490 401 1531 mus.
450 1471 594 1530 Fortasse
621 1472 690 1547 ipsa
715 1473 790 1530 haec
817 1471 984 1547 ephemeris
1011 1470 1158 1527 eiusmodi
1184 1471 1437 1529 commentariolis
1465 1470 1656 1546 publicandis

324 1572 488 1649 aliquando
509 1572 660 1631 inserviet.

301 1648 310 1663 ⁶
408 1670 469 1732 Sed
489 1674 549 1731 iam
571 1692 590 1730 a
610 1673 702 1748 longo
724 1672 848 1730 exordio
864 1674 1019 1730 veniamus
1042 1671 1080 1728 ad
1101 1671 1345 1746 quaestiunculas
1366 1671 1575 1750 grammaticas
1592 1688 1656 1744 eas,

324 1774 361 1834 de
389 1774 496 1850 quibus
522 1774 553 1832 in
580 1774 680 1831 animo
702 1783 749 1830 est
770 1772 877 1831 dicere.
922 1776 998 1831 Acta
1019 1772 1144 1830 fratrum
1165 1772 1324 1829 Arvalium
1346 1771 1416 1830 ‹luru
1438 1791 1595 1847 percurro,
1622 1770 1655 1830 id

324 1892 433 1951 corpus
448 1875 546 1932 visum
568 1883 615 1931 est
637 1881 670 1930 ut
691 1874 730 1930 ad
752 1873 811 1931 alia
832 1875 875 1931 ita
896 1874 985 1931 etiam
1008 1875 1046 1930 ad
1067 1891 1116 1930 res
1138 1873 1348 1948 grammaticas
1363 1873 1554 1931 utilissimum
1571 1890 1655 1942 esse3

325 1974 461 2033 similiter
482 1975 559 2033 enim
582 1981 615 2030 ut
637 1981 705 2030 ante
727 1974 844 2048 aliquot
864 1991 959 2031 annos
981 1973 1018 2030 de
1040 1973 1213 2048 diplomatis
1230 1982 1436 2031 veteranorum
1452 1973 1541 2031 docui
1563 1972 1655 2047 (ller-

324 2093 391 2133 mae
411 2074 501 2132 vol.l
528 2094 558 2150 p.
578 2072 639 2131 460
651 2073 745 2149 seq),
771 2075 814 2131 ita
840 2074 896 2132 boc
923 2092 1041 2149 quoque
1067 2090 1175 2147 corpus
1201 2073 1292 2130 babet
1317 2082 1384 2131 aeta
1409 2091 1556 2131 annorum
1581 2073 1654 2150 plus

324 2176 518 2234 ducentorum
544 2175 582 2232 ab
603 2175 745 2232 extremis
764 2174 897 2249 Augusti
922 2173 1105 2248 temporibus
1126 2173 1165 2229 ad
1188 2170 1377 2248 Gordianum
1398 2173 1513 2231 Romae
1534 2173 1656 2248 publice

323 2277 494 2350 conscripta
514 2282 543 2332 et
563 2275 607 2332 ita
627 2283 808 2350 comparata,
831 2281 864 2330 ut
885 2273 1046 2349 quotannis
1069 2272 1094 2330 si
1116 2291 1176 2330 non
1197 2273 1313 2344 iisdem,
1336 2281 1415 2330 certe
1431 2274 1579 2332 similibus
1593 2274 1656 2332 sor-

323 2377 413 2437 mulis
435 2375 632 2450 sollemnique
654 2373 816 2432 earundem
838 2392 936 2430 rerum
957 2373 1134 2448 repetitione
1155 2374 1417 2449 perscriberentur.
1463 2371 1654 2450 Quamquam

323 2477 512 2555 diplomatis,
539 2476 570 2534 id
591 2485 637 2534 est
656 2476 774 2552 legibus
795 2474 985 2549 imperatoris
1010 2473 1096 2531 iussu
1123 2473 1161 2530 ab
1186 2473 1224 2531 iis
1246 2473 1353 2548 quibus
1374 2474 1405 2531 id
1426 2474 1578 2550 negotium
1599 2496 1656 2552 pu·

323 2578 401 2637 blice
422 2577 525 2636 datum
547 2584 626 2634 esset
646 2575 800 2652 conceptis
822 2583 853 2632 et
877 2575 952 2633 satis
974 2574 1130 2650 diligenter
1150 2573 1256 2630 deinde
1278 2592 1317 2631 ex
1338 2592 1407 2631 aere
1428 2575 1528 2650 palam
1544 2593 1654 2652 propo-

324 2679 383 2737 sito
404 2677 561 2752 descriptis
583 2685 613 2734 et
633 2676 805 2752 recognitis,
827 2685 896 2732 acta
916 2675 990 2732 bueo
1010 2675 1099 2749 longe
1119 2673 1264 2731 inferiora
1285 2682 1364 2744 sunt,
1386 2675 1417 2732 iu
1434 2675 1536 2751 lapide
1556 2676 1654 2735 incisa

324 2798 344 2836 a
369 2795 456 2836 servo
483 2777 603 2851 publico
630 2777 757 2850 collegio
779 2775 817 2832 ad
839 2774 869 2831 id
890 2775 987 2848 ipsum
1010 2776 1154 2832 attributo
1176 2792 1273 2849 neque
1294 2775 1402 2850 opinor
1422 2785 1545 2852 propter
1566 2795 1654 2836 usum

324 2877 471 2936 tractandi
504 2895 540 2934 ea
572 2886 602 2934 et
633 2876 837 2947 describendi,
869 2875 924 2934 sed
953 2884 986 2933 ut
1017 2875 1287 2950 quomodocunque
1319 2877 1487 2952 perscripta
1518 2885 1656 2936 extarent

324 2986 448 3054 propter
476 2977 649 3053 religionem
677 2977 779 3034 nescio
805 2994 904 3051 quam.
955 2973 1034 3034 Sane
1061 2975 1108 3033 vel
1136 2975 1201 3033 sola
1226 2975 1395 3033 litteratura
1421 2976 1577 3052 utriusque
1605 2995 1655 3054 ge·

324 3077 404 3136 neris
432 3076 673 3135 documentorum
700 3095 766 3134 eam
793 3075 989 3134 differentiam
1015 3076 1094 3134 clare
1119 3076 1273 3152 proponit3
1301 3094 1370 3133 nam
1395 3094 1462 3134 cum
1489 3076 1657 3151 diplomata

324 3177 484 3236 ostendant
509 3176 685 3251 quadratam
712 3185 742 3234 et
765 3176 876 3234 iustam
901 3184 932 3234 et
957 3177 1089 3233 maxime
1114 3177 1212 3252 primo
1238 3176 1357 3234 saeculo
1381 3176 1470 3252 longe
1491 3178 1655 3253 pulcherri-

324 3295 414 3348 mam,
436 3285 503 3334 acta
516 3277 684 3348 Arvalium,
705 3294 832 3353 quorum
854 3277 1021 3353 scripturae
1042 3277 1193 3352 specimen
1213 3284 1350 3335 accurate
1371 3276 1515 3335 selectum
1534 3277 1656 3337 tabulae

325 3376 539 3436 Hennenianae
567 3377 704 3436 relationi
735 3379 868 3436 adiectae
894 3384 1078 3455 proponunt,
1104 3377 1172 3453 ipso
1197 3378 1294 3453 primo
1316 3377 1437 3436 saeculo
1459 3377 1498 3435 ad
1519 3378 1657 3453 antiqua·

324 3480 438 3537 riorum
459 3480 638 3554 scripturam
659 3480 849 3555 aliquatenus
871 3479 1023 3536 declinant
1043 3496 1097 3536 nec
1119 3477 1244 3535 multum
1259 3477 1403 3536 recedunt
1416 3497 1434 3535 a
1448 3477 1544 3536 titulis
1559 3479 1655 3555 scrip-

324 3580 365 3638 tis
391 3579 422 3637 in
447 3580 611 3656 parietibus
634 3579 827 3656 Pompeianis
854 3579 982 3637 carbone
1004 3578 1052 3635 vel
1078 3579 1211 3649 rubrica,
1238 3596 1365 3653 quorum
1391 3579 1539 3637 elementa
1560 3598 1657 3656 nuper

324 3679 370 3736 vir
394 3679 426 3736 in
451 3680 509 3738 hoe
534 3679 653 3755 quidem
680 3679 846 3738 studiorum
869 3697 977 3756 genere
1002 3678 1090 3736 hodie
1112 3678 1200 3736 facile
1220 3678 1361 3756 princeps
1383 3676 1512 3738 Carolus
1538 3679 1655 3757 Zange-

324 3779 446 3837 meister
472 3780 504 3837 in
530 3778 690 3837 voluminis
716 3780 813 3855 quarti
834 3779 938 3838 tabula
958 3780 1056 3854 prima
1076 3788 1213 3837 accurate
1234 3751 1481 3856 repraesentavit.
1524 3777 1656 3855 Compa-

324 3889 408 3937 retur
427 3879 506 3936 inter
527 3879 588 3935 alia
608 3879 748 3937 elementi
768 3899 789 3937 a
809 3879 905 3956 figura
924 3881 955 3938 in
977 3880 1126 3955 scriptura
1149 3880 1295 3956 quadrata
1314 3881 1394 3938 iusta
1416 3898 1534 3955 semper
1549 3881 1654 3939 exiens

325 3978 356 4036 iu
382 3977 524 4052 angulum
551 3988 683 4049 acutum,
712 3980 744 4037 in
769 3981 845 4039 actis
865 3990 964 4038 autem
986 3981 1083 4038 titulis
1104 3981 1273 4057 parietariis
1296 4000 1349 4056 per
1369 3980 1478 4057 gradus
1501 3981 1655 4040 declinans

325 4078 365 4135 ad
393 4077 518 4153 liguram
548 4079 762 4138 subrotundam
788 4097 809 4139 υ
831 4080 922 4138 talem
943 4080 1020 4152 lere,
1046 4081 1143 4156 qualis
1169 4081 1300 4156 pingitur
1324 4081 1355 4138 in
1376 4099 1492 4156 papyro
1514 4080 1654 4140 carminis

324 4177 480 4237 Rabiriani
512 4177 746 4252 Herculanensi3
781 4181 859 4239 unde
890 4180 997 4239 deinde
1029 4181 1190 4256 antiquarii
1222 4182 1329 4240 aetatis
1359 4181 1505 4253 labentis,
1537 4192 1571 4239 ut
1602 4183 1655 4258 qui

325 4279 511 4356 scripserunt
533 4278 661 4355 Digesta
674 4279 857 4353 Florentius,
879 4272 1013 4340 fecdrunt
1034 4282 1160 4358 figuram
1184 4299 1214 4341 u.
1259 4279 1404 4341 Similiter
1423 4301 1443 4339 a
1464 4281 1565 4340 littera
1586 4301 1653 4341 cum

324 4381 357 4440 in
384 4380 557 4457 diplomatis
583 4380 716 4438 melioris
742 4383 850 4440 aetatis
875 4382 919 4440 sic
945 4383 1008 4440 iere
1035 4382 1176 4458 pingatur
1201 4397 1237 4454 rs,
1265 4382 1297 4440 in
1323 4382 1419 4440 titulis
1447 4383 1536 4457 pictis
1561 4383 1656 4442 Pom·

326 4480 442 4556 peianis
469 4481 554 4539 etin
581 4480 655 4538 actis
677 4481 835 4539 Arvalium
862 4491 892 4540 et
916 4482 948 4539 in
973 4500 1089 4558 papyro
1115 4482 1169 4540 illo
1194 4482 1237 4540 sic
1257 4481 1320 4541 sere
1341 4483 1472 4540 cernitur
1492 4481 1533 4540 N.
1548 4512 1586 4525 -
1611 4481 1656 4543 Ut

323 4580 500 4654 litteratura,
520 4583 565 4640 ita
584 4582 779 4658 grammatica
799 4583 830 4640 in
850 4582 983 4658 utrisque
1002 4582 1111 4641 differt.
1147 4581 1227 4641 Nam
1241 4582 1415 4660 diplomata,
1436 4600 1512 4657 quae
1533 4582 1654 4658 quidem

324 4687 393 4738 ante
419 4679 562 4740 Severum
588 4683 700 4758 scripta
727 4683 803 4754 sint,
829 4702 849 4740 a
873 4683 1065 4742 barbarismis
1086 4683 1233 4741 immunia
1254 4693 1336 4756 sunt,
1362 4693 1395 4741 ut
1420 4681 1508 4741 tertio
1535 4681 1655 4742 demum

325 4778 446 4837 saeculo
461 4782 535 4839 vitia
555 4781 587 4839 in
608 4783 646 4840 iis
668 4801 840 4859 comparere
860 4783 1017 4860 incipiant,
1038 4783 1082 4841 its
1103 4801 1159 4858 pos
1180 4783 1261 4860 quod
1281 4792 1328 4843 est
1348 4802 1403 4858 pro
1422 4793 1491 4858 post
1511 4793 1655 4859 sequente

325 4877 422 4934 denuo
443 4879 544 4937 littera
565 4890 584 4952 t,
611 4900 697 4956 quem
719 4884 928 4941 soloecismum
949 4883 1038 4942 hodie
1059 4884 1147 4942 multi
1166 4884 1309 4960 religiose
1330 4883 1426 4958 magis
1448 4883 1551 4941 colunt
1564 4903 1655 4959 quam

325 4975 455 5046 erudite,
478 4977 642 5052 diplomata
662 4981 702 5039 ad
721 4982 857 5042 Marcum
876 5001 970 5059 usque
991 4984 1146 5059 ignorant,
1174 4992 1206 5041 at
1226 4985 1264 5042 ab
1285 5002 1312 5042 a.
1333 4982 1403 5040 inde
1426 4980 1485 5041 216
1507 4996 1653 5061 perpetuo

325 5074 460 5133 scribunt
478 5080 684 5154 pertemptata,
711 5089 745 5139 ut
770 5083 828 5143 hoe
852 5084 1001 5143 scribendi
1022 5083 1127 5142 vitium
1148 5090 1294 5160 appareat
1317 5093 1510 5143 monumenta
1535 5085 1656 5162 publica
