3480 5804
330 468 403 538 210
878 484 1105 546 usnovnnnr

411 661 441 716 A
463 656 693 735 municipalibus
715 655 921 717 sacerdotibus
944 655 1170 733 distinguendus
1191 663 1238 715 est
1259 674 1393 717 summus
1414 658 1587 737 provinciae
1610 675 1662 726 ss·

328 761 449 831 cardos,
479 760 577 836 qualis
604 759 661 818 init
688 759 744 818 sub
766 757 869 818 Nerva
896 756 1093 836 Scopelianus
1123 758 1273 835 sophista,
1303 753 1456 842 ἀρχιεροῦς
1482 762 1532 831 τῆς
1555 750 1662 820 ’Arias

330 862 492 938 (Philostr.
516 859 553 920 V.
577 858 607 920 S.
634 861 660 933 1,
675 859 731 930 st,
754 858 802 936 2).
847 861 998 920 Aristides
1025 878 1143 938 quoque
1170 861 1201 918 in
1228 860 1322 919 sacris
1351 861 1551 933 orationibus,
1580 879 1660 938 quas

330 963 451 1040 scripsit
472 982 498 1021 a.
514 982 543 1040 p.
559 959 631 1021 Chr.
647 961 705 1020 175
727 960 947 1038 (Waddington
968 961 1017 1020 Via
1032 964 1070 1020 du
1086 962 1198 1021 rbitror
1212 960 1342 1021 Aristide
1356 967 1386 1021 io
1400 963 1485 1021 niem.
1502 965 1536 1021 da
1552 961 1661 1020 decad.

329 1066 357 1123 d.
379 1069 465 1123 inser.
491 1061 568 1121 1867
597 1081 625 1140 p.
642 1061 717 1138 252)
745 1062 802 1121 sibi
828 1062 888 1139 ipsi
915 1083 934 1122 a
959 1061 1133 1140 Smyrnaeis
1161 1057 1211 1133 τὴν
1236 1053 1386 1146 {sparsim
1413 1058 1462 1133 τὴν
1487 1057 1579 1132 uosvis
1610 1065 1663 1133 τῆς

327 1157 430 1222 ’Arias
458 1165 589 1223 oblatam
616 1181 686 1223 esse
713 1174 815 1222 narrat
844 1165 934 1223 vol.I
956 1185 985 1241 p.
1002 1165 1059 1223 531
1085 1163 1192 1235 Diod,
1221 1162 1513 1241 Smyrnaeorumquc
1540 1165 1661 1242 legatos

329 1256 506 1348 (συνέδρους)
533 1266 563 1324 in
589 1265 737 1324 communi
764 1265 890 1324 concilio
917 1264 960 1341 (ἐν
985 1267 1026 1342 τῷ
1048 1257 1180 1348 συνεδρίῳ
1202 1267 1244 1341 τῷ
1263 1265 1360 1342 κοινῷ)
1386 1283 1419 1323 se
1446 1266 1661 1338 nominavisse,

328 1367 549 1442 conciliumque
569 1384 677 1425 nomen
700 1384 788 1425 suum
808 1368 957 1442 recepisse
978 1367 1055 1426 inter
1076 1384 1140 1439 eos,
1161 1385 1200 1424 ex
1222 1367 1330 1444 quibus
1349 1367 1509 1443 proconsul
1523 1367 1660 1427 futurum

328 1468 500 1546 provinciae
527 1468 713 1527 sacerdotem
740 1468 921 1546 designaret.
964 1467 1104 1544 Inprimis
1124 1486 1196 1527 vero
1223 1487 1259 1528 ea
1284 1475 1381 1526 aetate
1407 1469 1548 1544 frequens
1575 1469 1661 1530 illins

329 1569 494 1628 sacerdotis
525 1576 573 1628 est
601 1570 729 1641 mentio,
761 1586 837 1645 qna,
866 1567 982 1628 Christi
1010 1569 1146 1628 doctrina
1173 1569 1269 1646 magis
1297 1569 1453 1646 magisque
1480 1577 1660 1647 propagata,

329 1669 513 1729 Graecorum
540 1670 663 1728 deorum
689 1670 783 1728 cultui
809 1670 948 1730 interitus
975 1670 1088 1729 instare
1115 1669 1280 1728 videbatur.
1324 1670 1370 1728 Eo
1399 1680 1532 1746 tempore
1557 1671 1660 1731 Maxi·

328 1771 426 1829 minus
449 1770 667 1846 (sno-313),
696 1781 730 1829 ut
755 1778 801 1830 est
828 1772 909 1848 apud
931 1772 1042 1830 Euseb.
1066 1770 1106 1829 H.
1128 1772 1164 1829 E.
1188 1771 1222 1844 8,
1241 1773 1293 1842 14,
1314 1772 1331 1830 9
1359 1771 1489 1830 instituit
1513 1763 1601 1855 ispius
1627 1795 1658 1829 rs

328 1862 451 1927 εἰδώλων
471 1865 547 1928 κατα
569 1861 663 1927 πάντα
685 1862 770 1928 τᾶπον
790 1862 839 1928 noi
860 1862 941 1929 mim
962 1862 1011 1929 κα1
1032 1862 1086 1929 e’rri¹
1099 1863 1204 1929 τουτων
1224 1864 1345 1942 ἑκάστης
1359 1865 1505 1955 ε’παρχῖας
1518 1863 1659 1956 ἆρχνερεά

327 1973 382 2028 τῶν
413 1971 441 2028 ἐν
472 1955 624 2031 πο1.ντειάνς
654 1961 704 2028 ἵνα
730 1962 764 2047 qi
788 1994 850 2028 τινα
878 1967 924 2030 riv
949 1963 1083 2051 μα’λνπα
1108 1971 1241 2049 ἐμφανῶς
1267 1966 1315 2030 δια
1341 1964 1438 2041 πάσης
1466 1964 1657 2056 {carpinianum

326 2064 514 2155 λειτουργίας
535 2082 566 2130 et
586 2073 642 2131 sub
657 2072 776 2131 Iuliano
799 2072 994 2149 (oso-363)
1016 2080 1078 2132 tres
1099 2073 1271 2132 huiusmodi
1294 2075 1467 2134 sacerdotes
1488 2075 1552 2134 noti
1574 2084 1658 2146 sunt,

327 2174 520 2245 Theodorus,
547 2167 700 2256 ἀρχιερεὺς
726 2175 778 2244 τῆς
797 2168 914 2241 Ἀτίας,
942 2175 981 2232 ad
1007 2193 1095 2250 quem
1122 2175 1257 2234 lulianus
1285 2177 1405 2253 scripsit
1425 2176 1582 2253 epistolam
1598 2176 1654 2248 633

327 2276 485 2346 Arsacias,
512 2267 664 2357 ἅρχνερεῦς
684 2275 733 2345 τῆς
754 2269 914 2341 Γαλατίας,
934 2277 982 2334 cui
1004 2275 1082 2335 idem
1104 2276 1226 2337 mandat
1246 2295 1292 2352 ep.
1308 2277 1364 2350 49,
1392 2285 1425 2336 ut
1446 2295 1550 2337 severa
1571 2297 1657 2337 coer·

325 2387 392 2436 cest
418 2393 523 2434 omnes
551 2374 691 2435 Galatiae
717 2375 905 2446 sacerdotes,
934 2375 1013 2436 dicto
1040 2378 1195 2436 audientes
1224 2378 1366 2453 praemiis
1394 2379 1521 2452 afficiat,
1550 2389 1656 2439 coutu-

326 2497 426 2537 maces
455 2476 624 2537 sacerdotio
653 2477 803 2552 expellat3
837 2477 966 2554 donique
993 2476 1232 2555 Chrysantbius,
1263 2479 1301 2538 de
1329 2498 1388 2557 quo
1417 2481 1508 2539 tradit
1535 2480 1655 2559 Eunap.

325 2599 355 2658 p.
372 2580 410 2639 57
434 2579 547 2637 Boias:
575 2575 610 2633 ‘O
638 2568 668 2634 di
691 2578 854 2654 (Iulianus)
880 2569 1017 2662 ἇρχνερὲα
1043 2572 1203 2660 ἀποδείξας
1228 2572 1276 2636 τᾶν
1297 2603 1327 2638 rs
1349 2569 1439 2664 ἄνδρα
1459 2571 1508 2638 κα1
1530 2572 1578 2651 τὴν
1600 2603 1657 2656 γυ-

326 2683 408 2738 ναῖκα
430 2672 607 2744 visandins
628 2677 742 2755 (Lydis
762 2697 781 2738 a
802 2678 994 2738 Diocletiano
1016 2681 1170 2756 provincio
1190 2681 1269 2740 facta
1290 2681 1383 2758 erat),
1403 2673 1452 2739 κα1
1474 2677 1520 2739 o‘rr'
1542 2674 1657 2742 insinere

325 2771 484 2865 ἐπντρὲψας
504 2770 573 2838 rivas
595 2782 649 2837 rain
669 2766 765 2837 tilmon
787 2773 836 2849 τὴν
856 2770 972 2863 αἵρεσιν,
994 2775 1080 2840 odric
1099 2771 1144 2838 iri
1159 2775 1206 2838 τᾶν
1220 2777 1355 2862 Περσικὸν
1369 2773 1508 2860 συνήγετο
1522 2774 1655 2850 πόλεμον.

324 2881 368 2941 Et
394 2882 454 2940 alio
482 2882 550 2940 loco
578 2901 607 2959 p.
626 2882 699 2939 lll:
727 2874 740 2937 ὅ
767 2869 798 2936 δὲ
820 2870 1005 2963 Χρυτανὲνος
1031 2875 1081 2951 τὴν
1108 2872 1321 2965 ἀρχιερωσύνην
1346 2884 1398 2940 τοῦ
1421 2878 1527 2946 mauric
1547 2875 1656 2947 ἷθνους

324 2974 429 3046 λαβών
451 3015 489 3024 -
512 2978 543 3039 οὔ
564 2973 661 3064 [inpiis
681 2969 714 3049 ἦν
734 2975 811 3037 κατὰ
833 2975 882 3050 τὴν
902 2974 1037 3061 {goerico
1057 3015 1095 3026 —
1113 3015 1152 3028 ·-·
1171 2971 1235 3040 orire
1249 2984 1344 3040 λυπῶν
1358 3007 1436 3046 τινας
1450 2986 1505 3042 τῶν
1519 2989 1654 3070 Χριπια·

326 3106 378 3140 i'wv
399 3105 543 3166 πῐρΙΠωςι

410 3186 459 3243 Ab
480 3184 538 3243 boc
560 3182 651 3262 igitur
672 3201 788 3242 summo
810 3183 980 3260 provinciae
1002 3185 1094 3243 totius
1116 3184 1272 3244 sacerdota
1286 3186 1376 3262 plane
1391 3186 1542 3247 diversum
1557 3188 1654 3248 inissa

325 3285 513 3358 Asiarcbam,
535 3284 780 3362 Bithyniarcbam
802 3283 992 3362 reliquosque
1014 3286 1149 3345 eiusdem
1173 3287 1291 3363 generis
1313 3289 1417 3347 statuit
1438 3288 1653 3366 Waddington.

326 3387 459 3447 Difficile
479 3396 541 3458 est,
571 3395 672 3445 tantae
694 3386 881 3445 auctoritatis
903 3388 968 3444 viro
989 3386 1126 3463 obloqui,
1149 3387 1202 3447 sed
1224 3408 1262 3447 ne
1282 3406 1330 3446 me
1351 3388 1470 3464 quidem
1493 3398 1545 3449 aut
1565 3389 1653 3450 Kuh·

324 3492 406 3550 nium
427 3501 538 3549 temere
558 3487 595 3546 dc
617 3506 654 3546 ea
674 3507 707 3546 re
727 3487 909 3546 iudicavisse
930 3489 1089 3565 apparebit
1105 3507 1144 3548 ex
1159 3489 1197 3547 iis
1212 3489 1407 3566 argumentis,
1428 3508 1506 3567 quae
1520 3492 1651 3570 plenius,

324 3611 413 3669 qnam
435 3593 591 3666 hucusque
611 3589 722 3647 iactum
745 3599 799 3660 est,
821 3588 952 3648 afferam.
997 3588 1076 3650 Sunt
1096 3600 1194 3650 autem
1216 3589 1303 3649 baec:

409 3695 436 3749 1.
471 3691 564 3750 Asiae
584 3690 757 3765 provinciae
778 3691 978 3750 sacerdotium
999 3711 1060 3750 uon
1081 3690 1232 3751 diversum
1253 3692 1347 3750 fuisse
1368 3702 1566 3753 coeterorum
1581 3714 1652 3773 pro·

323 3793 486 3853 vinciarnm
502 3790 678 3849 sacerdotiis
690 3790 850 3867 Papiniani
864 3792 948 3851 locus
963 3792 1049 3850 docet
1062 3792 1133 3869 Dig.
1146 3793 1196 3862 50,
1208 3794 1237 3864 5,
1250 3792 1268 3853 8
1283 3813 1327 3870 pr.
1357 3792 1395 3852 In
1409 3795 1485 3854 Asia
1495 3798 1651 3871 provincia

323 3895 511 3953 sacerdotium
532 3895 675 3967 suscipere
695 3909 753 3949 noo
774 3903 910 3967 coquntur
930 3911 1045 3952 numero
1068 3893 1220 3951 liberorum
1234 3897 1358 3971 quiaque
1372 3895 1496 3968 euboici,
1518 3898 1595 3974 quod
1609 3929 1649 3941 —

324 3994 445 4053 Severus
467 3989 613 4068 Aspastas
640 3992 762 4050 decrerit
787 4010 824 4050 oc
841 4004 943 4068 postea
964 3995 994 4051 io
1015 3998 1113 4053 cesama
1131 3998 1293 4070 provinciis
1313 3998 1483 4056 omassum
1504 4016 1564 4058 cess
1584 4016 1651 4057 coo·

322 4097 423 4153 stituit.
478 4092 570 4168 Atqui
600 4092 631 4151 in
659 4092 767 4152 ceteris
795 4093 959 4169 provinciis
985 4113 1062 4154 unus
1092 4097 1184 4156 totius
1214 4096 1385 4175 provinciae
1414 4097 1555 4158 sacerdos
1582 4099 1649 4159 tuit
1698 4116 1702 4122 “

322 4193 438 4256 Contra
463 4195 494 4254 in
516 4193 593 4252 Asia
619 4195 750 4253 secundo
777 4195 899 4256 saeculo
925 4193 942 4263 ἦ
968 4187 1101 4279 ispanias
1127 4191 1202 4268 κοινὴ
1229 4199 1280 4267 τῆς
1298 4195 1403 4260 Ἀσίας
1427 4200 1652 4279 intelligebatur

322 4286 476 4380 ἀρχιερέων
502 4295 702 4355 sacerdotium
724 4295 767 4372 (v.
790 4297 936 4357 Aristidis
957 4297 977 4357 l.
999 4297 1035 4375 l.)
1061 4299 1191 4376 itemque
1216 4307 1324 4376 quarto
1352 4299 1474 4360 sacculo
1497 4299 1650 4379 Chrysan-

321 4399 403 4458 thius
424 4390 576 4479 ‹ipqqerpssic
594 4395 721 4456 traditur
734 4391 781 4467 τὴν
795 4391 1009 4480 ἀρχιερωσύνην
1023 4401 1075 4457 roci
1089 4395 1193 4461 παντδς
1206 4391 1312 4461 ἔθνους
1326 4402 1495 4480 suscepisse
1518 4402 1649 4480 (Euuap.

322 4499 352 4556 ll.
368 4499 426 4574 lt),
448 4497 536 4555 tertio
556 4516 626 4556 vero
649 4500 770 4558 saeculo
784 4500 973 4560 Modestinus
994 4501 1115 4578 scripsit
1129 4500 1201 4581 Dig.
1218 4499 1267 4576 27,
1286 4503 1312 4574 l,
1329 4502 1346 4560 6
1363 4502 1380 4580 ᾗ
1395 4504 1433 4561 14
1454 4494 1560 4561 ἔθνους
1573 4503 1651 4586 ispo-

322 4591 392 4668 σύνη
421 4599 480 4676 (sic
506 4608 586 4657 recte
607 4599 794 4674 Politianus‚
823 4595 974 4685 „irpapqp’a
1000 4610 1080 4661 certe
1106 4621 1166 4662 uon
1193 4603 1302 4681 legitur
1322 4605 1354 4664 in
1377 4604 1566 4677 Florentino,
1592 4605 1651 4664 hoc

322 4701 388 4761 loon
409 4699 557 4758 evanid0“
579 4699 759 4777 Mommsen)
781 4691 836 4758 οἷον
855 4696 1029 4786 Ἀσναρχῖω
1050 4696 1263 4787 Βιθυνναρχῖα,
1285 4698 1555 4789 Καππαδνααρχῖα,
1575 4727 1650 4790 παρ-

321 4792 388 4878 έχει
414 4793 648 4882 αλεντνυργησῖαν
672 4795 729 4859 ἀπὸ
756 4800 925 4885 ἐπιτροπνῒν,
952 4798 1026 4862 τοῦτ’
1049 4795 1125 4863 ἴστω
1146 4793 1200 4873 ἕως,
1218 4801 1253 4862 ἄν
1274 4792 1370 4888 ἄρχῃ,
1396 4824 1473 4884 quse
1498 4806 1650 4867 dissensio

322 4918 381 4960 non
409 4900 496 4960 video
521 4900 671 4975 quomodo
700 4905 840 4981 componi
868 4904 980 4981 possit,
1008 4906 1068 4965 nisi
1091 4898 1254 4989 Ἀσοοέρχην
1281 4907 1408 4966 eundem
1435 4908 1531 4969 fuisse
1559 4919 1649 4986 atque

321 4992 459 5082 ἀρχιερέα
480 5008 606 5062 statuas.
642 5003 752 5063 Verum
774 5014 829 5076 est,
853 5005 1018 5066 Asiarcbas
1041 5024 1137 5085 usqua
1157 5007 1277 5068 adeam
1291 5018 1419 5070 aetatem
1434 5011 1649 5087 permansisse,

322 5118 398 5177 qua,
427 5097 540 5160 Christi
569 5101 650 5162 cultu
678 5105 862 5177 introducto,
891 5126 988 5186 acque
1016 5109 1178 5187 gentilibus
1206 5110 1265 5169 diis
1293 5128 1391 5188 nequo
1418 5110 1648 5190 imperatoribus
