<?xml version="1.0" encoding="UTF-8"?>
<!DOCTYPE html PUBLIC "-//W3C//DTD XHTML 1.0 Transitional//EN"
    "http://www.w3.org/TR/xhtml1/DTD/xhtml1-transitional.dtd">
<html xmlns="http://www.w3.org/1999/xhtml" xml:lang="en" lang="en">
 <head>
  <title>
</title>
<meta http-equiv="Content-Type" content="text/html;charset=utf-8" />
  <meta name='ocr-system' content='tesseract 3.04.00' />
  <meta name='ocr-capabilities' content='ocr_page ocr_carea ocr_par ocr_line ocrx_word'/>
</head>
<body>
  <div class='ocr_page' id='page_1' title='image "./ephemerisepigra07instgoog/ephemerisepigra07instgoog_0065.png"; bbox 0 0 3480 5804; ppageno 0'>
   <div class='ocr_carea' id='block_1_1' title="bbox 302 454 1052 524">
    <p class='ocr_par' dir='ltr' id='par_1_1' title="bbox 302 454 1052 524">
     <span class='ocr_line' id='line_1_1' title="bbox 302 454 1052 524; baseline 0.007 -11"><span class='ocrx_word' id='word_1_1' title='bbox 302 454 349 524; x_wconf 81' lang='grc'><strong>58</strong></span> <span class='ocrx_word' id='word_1_2' title='bbox 871 467 1052 519; x_wconf 77' lang='lat' dir='ltr'><strong>MOMMSEN</strong></span> 
     </span>
    </p>
   </div>
   <div class='ocr_carea' id='block_1_2' title="bbox 300 568 1629 580">
    <p class='ocr_par' dir='ltr' id='par_1_2' title="bbox 300 568 1629 580">
     <span class='ocr_line' id='line_1_2' title="bbox 300 568 1629 580; baseline -0.004 0"><span class='ocrx_word' id='word_1_3' title='bbox 300 568 1629 580; x_wconf 76' lang='lat'>—-—-————-—-——-——-——-—-——————————-—--——-—-</span> 
     </span>
    </p>
   </div>
   <div class='ocr_carea' id='block_1_3' title="bbox 288 639 1630 4631">
    <p class='ocr_par' dir='ltr' id='par_1_3' title="bbox 296 639 1630 2507">
     <span class='ocr_line' id='line_1_3' title="bbox 297 639 1630 713; baseline -0.001 -13"><span class='ocrx_word' id='word_1_4' title='bbox 297 640 381 701; x_wconf 86' lang='lat' dir='ltr'><strong>Sane</strong></span> <span class='ocrx_word' id='word_1_5' title='bbox 402 641 475 697; x_wconf 90' lang='lat' dir='ltr'><strong>haee</strong></span> <span class='ocrx_word' id='word_1_6' title='bbox 497 657 567 696; x_wconf 80' lang='lat' dir='ltr'><strong>vera</strong></span> <span class='ocrx_word' id='word_1_7' title='bbox 589 639 683 713; x_wconf 82' lang='lat' dir='ltr'><strong>magis</strong></span> <span class='ocrx_word' id='word_1_8' title='bbox 706 648 776 695; x_wconf 93' lang='lat' dir='ltr'><strong>suut</strong></span> <span class='ocrx_word' id='word_1_9' title='bbox 797 656 886 713; x_wconf 91' lang='lat' dir='ltr'><strong>quam</strong></span> <span class='ocrx_word' id='word_1_10' title='bbox 908 639 969 695; x_wconf 85' lang='lat' dir='ltr'><strong>veri</strong></span> <span class='ocrx_word' id='word_1_11' title='bbox 992 639 1117 709; x_wconf 92' lang='lat' dir='ltr'><strong>similia;</strong></span> <span class='ocrx_word' id='word_1_12' title='bbox 1146 640 1289 697; x_wconf 89' lang='lat' dir='ltr'><strong>babemus</strong></span> <span class='ocrx_word' id='word_1_13' title='bbox 1311 640 1390 696; x_wconf 87' lang='lat' dir='ltr'><strong>enim</strong></span> <span class='ocrx_word' id='word_1_14' title='bbox 1412 639 1552 697; x_wconf 89' lang='lat' dir='ltr'><strong>mulieres</strong></span> <span class='ocrx_word' id='word_1_15' title='bbox 1574 658 1630 713; x_wconf 87' lang='lat' dir='ltr'><strong>per</strong></span> 
     </span>
     <span class='ocr_line' id='line_1_4' title="bbox 299 739 1628 816; baseline 0 -17"><span class='ocrx_word' id='word_1_16' title='bbox 299 750 360 799; x_wconf 91' lang='lat' dir='ltr'><strong>tres</strong></span> <span class='ocrx_word' id='word_1_17' title='bbox 382 742 588 816; x_wconf 79' lang='lat' dir='ltr'><strong>generationes</strong></span> <span class='ocrx_word' id='word_1_18' title='bbox 610 759 686 814; x_wconf 78' lang='lat' dir='ltr'><strong>qtrae</strong></span> <span class='ocrx_word' id='word_1_19' title='bbox 707 748 825 815; x_wconf 89' lang='lat' dir='ltr'><strong>partum</strong></span> <span class='ocrx_word' id='word_1_20' title='bbox 847 739 993 796; x_wconf 82' lang='lat' dir='ltr'>ediderint</span> <span class='ocrx_word' id='word_1_21' title='bbox 1015 748 1083 796; x_wconf 89' lang='lat' dir='ltr'><strong>ante</strong></span> <span class='ocrx_word' id='word_1_22' title='bbox 1098 740 1270 796; x_wconf 84' lang='lat' dir='ltr'><strong>vicesimum</strong></span> <span class='ocrx_word' id='word_1_23' title='bbox 1288 759 1408 797; x_wconf 92' lang='lat' dir='ltr'><strong>annum.</strong></span> <span class='ocrx_word' id='word_1_24' title='bbox 1445 740 1528 799; x_wconf 90' lang='lat' dir='ltr'><strong>Nota</strong></span> <span class='ocrx_word' id='word_1_25' title='bbox 1542 758 1628 816; x_wconf 90' lang='lat' dir='ltr'><strong>prae·</strong></span> 
     </span>
     <span class='ocr_line' id='line_1_5' title="bbox 300 838 1629 915; baseline -0.002 -15"><span class='ocrx_word' id='word_1_26' title='bbox 300 853 381 900; x_wconf 89' lang='lat' dir='ltr'><strong>terea</strong></span> <span class='ocrx_word' id='word_1_27' title='bbox 402 842 497 898; x_wconf 87' lang='lat' dir='ltr'><strong>iuliae</strong></span> <span class='ocrx_word' id='word_1_28' title='bbox 519 842 649 915; x_wconf 83' lang='lat' dir='ltr'><strong>Augusti</strong></span> <span class='ocrx_word' id='word_1_29' title='bbox 670 840 749 897; x_wconf 89' lang='lat' dir='ltr'><strong>filiae</strong></span> <span class='ocrx_word' id='word_1_30' title='bbox 771 841 1001 915; x_wconf 89' lang='lat' dir='ltr'><strong>primogenitum</strong></span> <span class='ocrx_word' id='word_1_31' title='bbox 1024 839 1117 897; x_wconf 83' lang='lat' dir='ltr'><strong>luisse</strong></span> <span class='ocrx_word' id='word_1_32' title='bbox 1141 838 1252 898; x_wconf 89' lang='lat' dir='ltr'><strong>Gaium</strong></span> <span class='ocrx_word' id='word_1_33' title='bbox 1273 851 1376 898; x_wconf 87' lang='lat' dir='ltr'><strong>natum</strong></span> <span class='ocrx_word' id='word_1_34' title='bbox 1398 859 1424 897; x_wconf 82' lang='lat' dir='ltr'><strong>a</strong></span> <span class='ocrx_word' id='word_1_35' title='bbox 1439 839 1499 898; x_wconf 74' lang='lat'><strong>734</strong></span> <span class='ocrx_word' id='word_1_36' title='bbox 1521 840 1629 898; x_wconf 86' lang='lat' dir='ltr'><strong>filiam·</strong></span> 
     </span>
     <span class='ocr_line' id='line_1_6' title="bbox 298 940 1628 1018; baseline -0.001 -19"><span class='ocrx_word' id='word_1_37' title='bbox 298 962 358 1018; x_wconf 90' lang='lat' dir='ltr'><strong>que</strong></span> <span class='ocrx_word' id='word_1_38' title='bbox 379 942 488 999; x_wconf 89' lang='lat' dir='ltr'><strong>Iuliam</strong></span> <span class='ocrx_word' id='word_1_39' title='bbox 517 950 675 1016; x_wconf 91' lang='lat' dir='ltr'><strong>propterea</strong></span> <span class='ocrx_word' id='word_1_40' title='bbox 703 942 785 998; x_wconf 91' lang='lat' dir='ltr'><strong>nasci</strong></span> <span class='ocrx_word' id='word_1_41' title='bbox 811 960 871 997; x_wconf 93' lang='lat' dir='ltr'><strong>non</strong></span> <span class='ocrx_word' id='word_1_42' title='bbox 899 941 1031 1015; x_wconf 90' lang='lat' dir='ltr'><strong>potuisse</strong></span> <span class='ocrx_word' id='word_1_43' title='bbox 1059 949 1128 997; x_wconf 88' lang='lat' dir='ltr'><strong>ante</strong></span> <span class='ocrx_word' id='word_1_44' title='bbox 1150 959 1259 998; x_wconf 88' lang='lat' dir='ltr'><strong>annum</strong></span> <span class='ocrx_word' id='word_1_45' title='bbox 1281 950 1470 1017; x_wconf 83' lang='lat' dir='ltr'><strong>sequentem3</strong></span> <span class='ocrx_word' id='word_1_46' title='bbox 1501 959 1570 998; x_wconf 90' lang='lat' dir='ltr'><strong>nam</strong></span> <span class='ocrx_word' id='word_1_47' title='bbox 1601 940 1628 998; x_wconf 93' lang='lat' dir='ltr'><strong>si</strong></span> 
     </span>
     <span class='ocr_line' id='line_1_7' title="bbox 298 1039 1626 1119; baseline -0.002 -19"><span class='ocrx_word' id='word_1_48' title='bbox 298 1043 443 1119; x_wconf 90' lang='lat' dir='ltr'><strong>gemellos</strong></span> <span class='ocrx_word' id='word_1_49' title='bbox 466 1042 642 1116; x_wconf 79' lang='lat' dir='ltr'><strong>peperisset,</strong></span> <span class='ocrx_word' id='word_1_50' title='bbox 666 1041 696 1097; x_wconf 92' lang='lat' dir='ltr'><strong>id</strong></span> <span class='ocrx_word' id='word_1_51' title='bbox 717 1061 778 1099; x_wconf 88' lang='lat' dir='ltr'><strong>non</strong></span> <span class='ocrx_word' id='word_1_52' title='bbox 799 1048 955 1098; x_wconf 89' lang='lat' dir='ltr'><strong>taceretur.</strong></span> <span class='ocrx_word' id='word_1_53' title='bbox 999 1039 1078 1097; x_wconf 86' lang='lat' dir='ltr'><strong>Vere</strong></span> <span class='ocrx_word' id='word_1_54' title='bbox 1100 1042 1191 1116; x_wconf 86' lang='lat' dir='ltr'><strong>igitur</strong></span> <span class='ocrx_word' id='word_1_55' title='bbox 1212 1042 1331 1099; x_wconf 76' lang='lat' dir='ltr'><strong>Plinius</strong></span> <span class='ocrx_word' id='word_1_56' title='bbox 1352 1043 1395 1100; x_wconf 91' lang='lat' dir='ltr'><strong>ibi</strong></span> <span class='ocrx_word' id='word_1_57' title='bbox 1418 1041 1461 1114; x_wconf 90' lang='lat' dir='ltr'><strong>(b.</strong></span> <span class='ocrx_word' id='word_1_58' title='bbox 1484 1062 1512 1098; x_wconf 93' lang='lat' dir='ltr'><strong>n.</strong></span> <span class='ocrx_word' id='word_1_59' title='bbox 1531 1043 1559 1112; x_wconf 86' lang='lat'><strong>7,</strong></span> <span class='ocrx_word' id='word_1_60' title='bbox 1577 1041 1626 1112; x_wconf 85' lang='lat'><strong>13,</strong></span> 
     </span>
     <span class='ocr_line' id='line_1_8' title="bbox 299 1142 1627 1219; baseline -0.004 -16"><span class='ocrx_word' id='word_1_61' title='bbox 299 1145 364 1219; x_wconf 79' lang='lat'>58),</span> <span class='ocrx_word' id='word_1_62' title='bbox 387 1143 438 1200; x_wconf 91' lang='lat' dir='ltr'><strong>ubi</strong></span> <span class='ocrx_word' id='word_1_63' title='bbox 461 1148 586 1199; x_wconf 87' lang='lat' dir='ltr'><strong>testatur</strong></span> <span class='ocrx_word' id='word_1_64' title='bbox 608 1142 709 1198; x_wconf 86' lang='lat' dir='ltr'><strong>divum</strong></span> <span class='ocrx_word' id='word_1_65' title='bbox 725 1143 896 1218; x_wconf 83' lang='lat' dir='ltr'><strong>Augustum</strong></span> <span class='ocrx_word' id='word_1_66' title='bbox 918 1142 1015 1217; x_wconf 88' lang='lat' dir='ltr'><strong>neptis</strong></span> <span class='ocrx_word' id='word_1_67' title='bbox 1037 1159 1108 1199; x_wconf 89' lang='lat' dir='ltr'><strong>suae</strong></span> <span class='ocrx_word' id='word_1_68' title='bbox 1130 1150 1266 1216; x_wconf 90' lang='lat' dir='ltr'><strong>nepotem</strong></span> <span class='ocrx_word' id='word_1_69' title='bbox 1283 1142 1397 1200; x_wconf 87' lang='lat' dir='ltr'><strong>vidisse</strong></span> <span class='ocrx_word' id='word_1_70' title='bbox 1418 1143 1550 1217; x_wconf 90' lang='lat' dir='ltr'><strong>genitum</strong></span> <span class='ocrx_word' id='word_1_71' title='bbox 1566 1159 1627 1216; x_wconf 91' lang='lat' dir='ltr'><strong>quo</strong></span> 
     </span>
     <span class='ocr_line' id='line_1_9' title="bbox 298 1239 1627 1318; baseline -0.002 -16"><span class='ocrx_word' id='word_1_72' title='bbox 298 1244 428 1302; x_wconf 86' lang='lat' dir='ltr'><strong>excessit</strong></span> <span class='ocrx_word' id='word_1_73' title='bbox 448 1261 527 1299; x_wconf 89' lang='lat' dir='ltr'><strong>anuo</strong></span> <span class='ocrx_word' id='word_1_74' title='bbox 542 1243 582 1299; x_wconf 99' lang='lat' dir='ltr'><strong>M.</strong></span> <span class='ocrx_word' id='word_1_75' title='bbox 602 1241 748 1312; x_wconf 90' lang='lat' dir='ltr'><strong>Silanum,</strong></span> <span class='ocrx_word' id='word_1_76' title='bbox 771 1243 827 1299; x_wconf 89' lang='lat' dir='ltr'><strong>boc</strong></span> <span class='ocrx_word' id='word_1_77' title='bbox 848 1243 931 1299; x_wconf 84' lang='lat' dir='ltr'><strong>addit</strong></span> <span class='ocrx_word' id='word_1_78' title='bbox 952 1242 990 1299; x_wconf 88' lang='lat' dir='ltr'><strong>ad</strong></span> <span class='ocrx_word' id='word_1_79' title='bbox 1009 1239 1162 1317; x_wconf 83' lang='lat' dir='ltr'><strong>‘reliquam</strong></span> <span class='ocrx_word' id='word_1_80' title='bbox 1183 1242 1214 1298; x_wconf 93' lang='lat' dir='ltr'><strong>in</strong></span> <span class='ocrx_word' id='word_1_81' title='bbox 1236 1261 1271 1299; x_wconf 93' lang='lat' dir='ltr'><strong>eo</strong></span> <span class='ocrx_word' id='word_1_82' title='bbox 1293 1243 1498 1318; x_wconf 82' lang='lat' dir='ltr'><strong>exemplorum</strong></span> <span class='ocrx_word' id='word_1_83' title='bbox 1520 1243 1627 1300; x_wconf 88' lang='lat' dir='ltr'><strong>rarita-</strong></span> 
     </span>
     <span class='ocr_line' id='line_1_10' title="bbox 298 1340 1626 1418; baseline 0 -17"><span class='ocrx_word' id='word_1_84' title='bbox 298 1340 374 1402; x_wconf 89' lang='lat' dir='ltr'><strong>tem’.</strong></span> <span class='ocrx_word' id='word_1_85' title='bbox 391 1376 430 1386; x_wconf 89' lang='lat'>—</span> <span class='ocrx_word' id='word_1_86' title='bbox 453 1344 549 1400; x_wconf 83' lang='lat' dir='ltr'><strong>Mater</strong></span> <span class='ocrx_word' id='word_1_87' title='bbox 563 1343 720 1417; x_wconf 83' lang='lat' dir='ltr'><strong>abnepotis</strong></span> <span class='ocrx_word' id='word_1_88' title='bbox 737 1344 866 1418; x_wconf 79' lang='lat' dir='ltr'><strong>Augusti</strong></span> <span class='ocrx_word' id='word_1_89' title='bbox 881 1351 953 1400; x_wconf 89' lang='lat' dir='ltr'><strong>natu</strong></span> <span class='ocrx_word' id='word_1_90' title='bbox 968 1343 1090 1400; x_wconf 86' lang='lat' dir='ltr'><strong>maximi</strong></span> <span class='ocrx_word' id='word_1_91' title='bbox 1106 1343 1227 1416; x_wconf 88' lang='lat' dir='ltr'><strong>natique</strong></span> <span class='ocrx_word' id='word_1_92' title='bbox 1241 1360 1268 1399; x_wconf 90' lang='lat' dir='ltr'><strong>a.</strong></span> <span class='ocrx_word' id='word_1_93' title='bbox 1283 1341 1341 1399; x_wconf 89' lang='grc'><strong>767</strong></span> <span class='ocrx_word' id='word_1_94' title='bbox 1364 1361 1512 1417; x_wconf 88' lang='lat' dir='ltr'><strong>quaenam</strong></span> <span class='ocrx_word' id='word_1_95' title='bbox 1526 1342 1626 1414; x_wconf 84' lang='lat' dir='ltr'><strong>suerit,</strong></span> 
     </span>
     <span class='ocr_line' id='line_1_11' title="bbox 299 1442 1626 1520; baseline -0.001 -19"><span class='ocrx_word' id='word_1_96' title='bbox 299 1445 409 1502; x_wconf 79' lang='lat' dir='ltr'><strong>diserte</strong></span> <span class='ocrx_word' id='word_1_97' title='bbox 431 1461 490 1500; x_wconf 94' lang='lat' dir='ltr'><strong>non</strong></span> <span class='ocrx_word' id='word_1_98' title='bbox 507 1442 649 1511; x_wconf 89' lang='lat' dir='ltr'><strong>traditur;</strong></span> <span class='ocrx_word' id='word_1_99' title='bbox 672 1444 724 1500; x_wconf 91' lang='lat' dir='ltr'><strong>sed</strong></span> <span class='ocrx_word' id='word_1_100' title='bbox 739 1444 832 1500; x_wconf 84' lang='lat' dir='ltr'><strong>luisse</strong></span> <span class='ocrx_word' id='word_1_101' title='bbox 846 1444 1007 1500; x_wconf 89' lang='lat' dir='ltr'><strong>Aemiliam</strong></span> <span class='ocrx_word' id='word_1_102' title='bbox 1022 1443 1177 1518; x_wconf 78' lang='lat' dir='ltr'><strong>Lepidam,</strong></span> <span class='ocrx_word' id='word_1_103' title='bbox 1200 1461 1287 1517; x_wconf 90' lang='lat' dir='ltr'><strong>quam</strong></span> <span class='ocrx_word' id='word_1_104' title='bbox 1304 1453 1477 1518; x_wconf 85' lang='lat' dir='ltr'><strong>proneptem</strong></span> <span class='ocrx_word' id='word_1_105' title='bbox 1493 1443 1626 1520; x_wconf 83' lang='lat' dir='ltr'><strong>Augusti</strong></span> 
     </span>
     <span class='ocr_line' id='line_1_12' title="bbox 299 1540 1625 1619; baseline -0.002 -16"><span class='ocrx_word' id='word_1_106' title='bbox 299 1542 461 1604; x_wconf 86' lang='lat' dir='ltr'><strong>Suetonius</strong></span> <span class='ocrx_word' id='word_1_107' title='bbox 483 1540 604 1616; x_wconf 91' lang='lat' dir='ltr'><strong>(Claud.</strong></span> <span class='ocrx_word' id='word_1_108' title='bbox 622 1542 675 1617; x_wconf 74' lang='lat'><strong>26)</strong></span> <span class='ocrx_word' id='word_1_109' title='bbox 697 1543 839 1617; x_wconf 90' lang='lat' dir='ltr'><strong>appellat,</strong></span> <span class='ocrx_word' id='word_1_110' title='bbox 862 1543 975 1600; x_wconf 91' lang='lat' dir='ltr'><strong>dudum</strong></span> <span class='ocrx_word' id='word_1_111' title='bbox 996 1543 1179 1601; x_wconf 90' lang='lat' dir='ltr'><strong>intellectum</strong></span> <span class='ocrx_word' id='word_1_112' title='bbox 1201 1550 1256 1600; x_wconf 89' lang='lat' dir='ltr'><strong>est.</strong></span> <span class='ocrx_word' id='word_1_113' title='bbox 1291 1542 1369 1601; x_wconf 87' lang='lat' dir='ltr'><strong>Nam</strong></span> <span class='ocrx_word' id='word_1_114' title='bbox 1385 1563 1451 1601; x_wconf 91' lang='lat' dir='ltr'><strong>cum</strong></span> <span class='ocrx_word' id='word_1_115' title='bbox 1467 1547 1625 1619; x_wconf 87' lang='lat' dir='ltr'><strong>Augustus</strong></span> 
     </span>
     <span class='ocr_line' id='line_1_13' title="bbox 298 1643 1625 1720; baseline 0.001 -18"><span class='ocrx_word' id='word_1_116' title='bbox 298 1645 434 1702; x_wconf 90' lang='lat' dir='ltr'><strong>habuerit</strong></span> <span class='ocrx_word' id='word_1_117' title='bbox 459 1654 563 1719; x_wconf 84' lang='lat' dir='ltr'><strong>neptes</strong></span> <span class='ocrx_word' id='word_1_118' title='bbox 585 1643 659 1700; x_wconf 89' lang='lat' dir='ltr'><strong>duas</strong></span> <span class='ocrx_word' id='word_1_119' title='bbox 682 1651 796 1700; x_wconf 89' lang='lat' dir='ltr'><strong>tantum</strong></span> <span class='ocrx_word' id='word_1_120' title='bbox 819 1644 924 1700; x_wconf 91' lang='lat' dir='ltr'><strong>Iuliam</strong></span> <span class='ocrx_word' id='word_1_121' title='bbox 948 1653 978 1701; x_wconf 93' lang='lat' dir='ltr'><strong>et</strong></span> <span class='ocrx_word' id='word_1_122' title='bbox 1002 1644 1211 1718; x_wconf 83' lang='lat' dir='ltr'><strong>Agrippinam,</strong></span> <span class='ocrx_word' id='word_1_123' title='bbox 1240 1652 1399 1717; x_wconf 85' lang='lat' dir='ltr'><strong>proneptes</strong></span> <span class='ocrx_word' id='word_1_124' title='bbox 1420 1652 1518 1702; x_wconf 89' lang='lat' dir='ltr'><strong>autem</strong></span> <span class='ocrx_word' id='word_1_125' title='bbox 1540 1655 1625 1720; x_wconf 90' lang='lat' dir='ltr'><strong>quat·</strong></span> 
     </span>
     <span class='ocr_line' id='line_1_14' title="bbox 297 1741 1626 1821; baseline 0 -19"><span class='ocrx_word' id='word_1_126' title='bbox 297 1753 375 1816; x_wconf 90' lang='lat' dir='ltr'><strong>tuor,</strong></span> <span class='ocrx_word' id='word_1_127' title='bbox 397 1743 542 1819; x_wconf 87' lang='lat' dir='ltr'><strong>Lepidam</strong></span> <span class='ocrx_word' id='word_1_128' title='bbox 563 1744 646 1801; x_wconf 89' lang='lat' dir='ltr'><strong>illam</strong></span> <span class='ocrx_word' id='word_1_129' title='bbox 669 1762 707 1800; x_wconf 88' lang='lat' dir='ltr'><strong>cx</strong></span> <span class='ocrx_word' id='word_1_130' title='bbox 728 1743 813 1814; x_wconf 91' lang='lat' dir='ltr'><strong>Iulia,</strong></span> <span class='ocrx_word' id='word_1_131' title='bbox 836 1744 1035 1821; x_wconf 85' lang='lat' dir='ltr'><strong>Agrippinam</strong></span> <span class='ocrx_word' id='word_1_132' title='bbox 1050 1743 1216 1801; x_wconf 88' lang='lat' dir='ltr'><strong>Drusillam</strong></span> <span class='ocrx_word' id='word_1_133' title='bbox 1232 1741 1371 1802; x_wconf 89' lang='lat' dir='ltr'><strong>Livillam</strong></span> <span class='ocrx_word' id='word_1_134' title='bbox 1394 1763 1433 1801; x_wconf 88' lang='lat' dir='ltr'><strong>ex</strong></span> <span class='ocrx_word' id='word_1_135' title='bbox 1447 1745 1626 1821; x_wconf 86' lang='lat' dir='ltr'><strong>Agrippina,</strong></span> 
     </span>
     <span class='ocr_line' id='line_1_15' title="bbox 297 1842 1626 1903; baseline 0 0"><span class='ocrx_word' id='word_1_136' title='bbox 297 1847 404 1903; x_wconf 89' lang='lat' dir='ltr'><strong>harum</strong></span> <span class='ocrx_word' id='word_1_137' title='bbox 430 1846 519 1902; x_wconf 91' lang='lat' dir='ltr'><strong>trium</strong></span> <span class='ocrx_word' id='word_1_138' title='bbox 545 1845 657 1901; x_wconf 90' lang='lat' dir='ltr'><strong>nullam</strong></span> <span class='ocrx_word' id='word_1_139' title='bbox 683 1844 713 1900; x_wconf 91' lang='lat' dir='ltr'><strong>in</strong></span> <span class='ocrx_word' id='word_1_140' title='bbox 736 1842 908 1903; x_wconf 87' lang='lat' dir='ltr'><strong>Silanorum</strong></span> <span class='ocrx_word' id='word_1_141' title='bbox 930 1845 1049 1901; x_wconf 89' lang='lat' dir='ltr'><strong>demum</strong></span> <span class='ocrx_word' id='word_1_142' title='bbox 1072 1843 1228 1900; x_wconf 91' lang='lat' dir='ltr'><strong>deductam</strong></span> <span class='ocrx_word' id='word_1_143' title='bbox 1251 1862 1318 1902; x_wconf 91' lang='lat' dir='ltr'><strong>esse</strong></span> <span class='ocrx_word' id='word_1_144' title='bbox 1340 1852 1467 1903; x_wconf 89' lang='lat' dir='ltr'><strong>constat.</strong></span> <span class='ocrx_word' id='word_1_145' title='bbox 1511 1843 1626 1903; x_wconf 85' lang='lat' dir='ltr'><strong>Contra</strong></span> 
     </span>
     <span class='ocr_line' id='line_1_16' title="bbox 297 1942 1624 2020; baseline 0.001 -17"><span class='ocrx_word' id='word_1_146' title='bbox 297 1945 430 2003; x_wconf 89' lang='lat' dir='ltr'><strong>Aemilia</strong></span> <span class='ocrx_word' id='word_1_147' title='bbox 454 1945 570 2020; x_wconf 89' lang='lat' dir='ltr'><strong>Lepida</strong></span> <span class='ocrx_word' id='word_1_148' title='bbox 595 1944 778 2020; x_wconf 86' lang='lat' dir='ltr'><strong>desponsata</strong></span> <span class='ocrx_word' id='word_1_149' title='bbox 803 1952 872 2002; x_wconf 90' lang='lat' dir='ltr'><strong>ante</strong></span> <span class='ocrx_word' id='word_1_150' title='bbox 898 1952 975 2003; x_wconf 91' lang='lat' dir='ltr'><strong>teste</strong></span> <span class='ocrx_word' id='word_1_151' title='bbox 1002 1942 1146 2003; x_wconf 87' lang='lat' dir='ltr'><strong>Suetonio</strong></span> <span class='ocrx_word' id='word_1_152' title='bbox 1171 1943 1273 2019; x_wconf 89' lang='lat' dir='ltr'><strong>nepoti</strong></span> <span class='ocrx_word' id='word_1_153' title='bbox 1297 1944 1402 2001; x_wconf 89' lang='lat' dir='ltr'><strong>Liviae</strong></span> <span class='ocrx_word' id='word_1_154' title='bbox 1424 1944 1472 2002; x_wconf 86' lang='lat' dir='ltr'><strong>Ti.</strong></span> <span class='ocrx_word' id='word_1_155' title='bbox 1495 1943 1624 2004; x_wconf 90' lang='lat' dir='ltr'><strong>Claudio</strong></span> 
     </span>
     <span class='ocr_line' id='line_1_17' title="bbox 297 2044 1624 2121; baseline -0.001 -17"><span class='ocrx_word' id='word_1_156' title='bbox 297 2053 367 2104; x_wconf 89' lang='lat' dir='ltr'><strong>nato</strong></span> <span class='ocrx_word' id='word_1_157' title='bbox 390 2065 417 2103; x_wconf 93' lang='lat' dir='ltr'><strong>a.</strong></span> <span class='ocrx_word' id='word_1_158' title='bbox 434 2046 494 2102; x_wconf 80' lang='grc'><strong>744</strong></span> <span class='ocrx_word' id='word_1_159' title='bbox 522 2045 548 2101; x_wconf 91' lang='lat' dir='ltr'><strong>ci</strong></span> <span class='ocrx_word' id='word_1_160' title='bbox 571 2045 621 2119; x_wconf 85' lang='lat' dir='ltr'><strong>qui</strong></span> <span class='ocrx_word' id='word_1_161' title='bbox 643 2051 749 2118; x_wconf 89' lang='lat' dir='ltr'><strong>postea</strong></span> <span class='ocrx_word' id='word_1_162' title='bbox 768 2045 939 2120; x_wconf 88' lang='lat' dir='ltr'><strong>imperavit,</strong></span> <span class='ocrx_word' id='word_1_163' title='bbox 968 2063 1034 2102; x_wconf 89' lang='lat' dir='ltr'><strong>cum</strong></span> <span class='ocrx_word' id='word_1_164' title='bbox 1060 2044 1086 2102; x_wconf 88' lang='lat' dir='ltr'><strong>is</strong></span> <span class='ocrx_word' id='word_1_165' title='bbox 1108 2044 1136 2101; x_wconf 88' lang='lat' dir='ltr'><strong>ei</strong></span> <span class='ocrx_word' id='word_1_166' title='bbox 1156 2054 1278 2121; x_wconf 89' lang='lat' dir='ltr'><strong>propter</strong></span> <span class='ocrx_word' id='word_1_167' title='bbox 1299 2045 1432 2102; x_wconf 81' lang='lat' dir='ltr'><strong>offensas</strong></span> <span class='ocrx_word' id='word_1_168' title='bbox 1453 2045 1624 2120; x_wconf 87' lang='lat' dir='ltr'><strong>parentium</strong></span> 
     </span>
     <span class='ocr_line' id='line_1_18' title="bbox 297 2144 1624 2222; baseline -0.001 -18"><span class='ocrx_word' id='word_1_169' title='bbox 297 2147 363 2205; x_wconf 89' lang='lat' dir='ltr'><strong>eius</strong></span> <span class='ocrx_word' id='word_1_170' title='bbox 385 2146 530 2204; x_wconf 86' lang='lat' dir='ltr'><strong>adversus</strong></span> <span class='ocrx_word' id='word_1_171' title='bbox 546 2146 713 2220; x_wconf 86' lang='lat' dir='ltr'><strong>Augustum</strong></span> <span class='ocrx_word' id='word_1_172' title='bbox 736 2147 848 2221; x_wconf 90' lang='lat' dir='ltr'><strong>optime</strong></span> <span class='ocrx_word' id='word_1_173' title='bbox 868 2146 1034 2204; x_wconf 88' lang='lat' dir='ltr'><strong>illustratas</strong></span> <span class='ocrx_word' id='word_1_174' title='bbox 1056 2164 1075 2202; x_wconf 90' lang='lat' dir='ltr'><strong>a</strong></span> <span class='ocrx_word' id='word_1_175' title='bbox 1096 2145 1264 2222; x_wconf 86' lang='lat' dir='ltr'><strong>Borghesio</strong></span> <span class='ocrx_word' id='word_1_176' title='bbox 1285 2165 1314 2221; x_wconf 88' lang='lat' dir='ltr'><strong>p.</strong></span> <span class='ocrx_word' id='word_1_177' title='bbox 1333 2144 1390 2202; x_wconf 87' lang='grc'><strong>187</strong></span> <span class='ocrx_word' id='word_1_178' title='bbox 1414 2154 1483 2203; x_wconf 87' lang='lat' dir='ltr'><strong>aute</strong></span> <span class='ocrx_word' id='word_1_179' title='bbox 1504 2145 1624 2222; x_wconf 89' lang='lat' dir='ltr'><strong>nuptias</strong></span> 
     </span>
     <span class='ocr_line' id='line_1_19' title="bbox 296 2244 1623 2320; baseline -0.001 -15"><span class='ocrx_word' id='word_1_180' title='bbox 296 2247 433 2305; x_wconf 90' lang='lat' dir='ltr'><strong>nuntium</strong></span> <span class='ocrx_word' id='word_1_181' title='bbox 459 2246 639 2316; x_wconf 87' lang='lat' dir='ltr'><strong>remisisset,</strong></span> <span class='ocrx_word' id='word_1_182' title='bbox 667 2245 742 2302; x_wconf 92' lang='lat' dir='ltr'><strong>nihil</strong></span> <span class='ocrx_word' id='word_1_183' title='bbox 770 2247 883 2316; x_wconf 88' lang='lat' dir='ltr'><strong>obstat,</strong></span> <span class='ocrx_word' id='word_1_184' title='bbox 906 2263 966 2320; x_wconf 93' lang='lat' dir='ltr'><strong>quo</strong></span> <span class='ocrx_word' id='word_1_185' title='bbox 995 2247 1092 2304; x_wconf 92' lang='lat' dir='ltr'><strong>minus</strong></span> <span class='ocrx_word' id='word_1_186' title='bbox 1122 2264 1193 2303; x_wconf 89' lang='lat' dir='ltr'><strong>mox</strong></span> <span class='ocrx_word' id='word_1_187' title='bbox 1221 2247 1340 2320; x_wconf 89' lang='lat' dir='ltr'><strong>nuptias</strong></span> <span class='ocrx_word' id='word_1_188' title='bbox 1362 2245 1466 2303; x_wconf 85' lang='lat' dir='ltr'><strong>fecerit</strong></span> <span class='ocrx_word' id='word_1_189' title='bbox 1485 2263 1553 2303; x_wconf 90' lang='lat' dir='ltr'><strong>cum</strong></span> <span class='ocrx_word' id='word_1_190' title='bbox 1576 2244 1623 2306; x_wconf 92' lang='lat' dir='ltr'><strong>Si·</strong></span> 
     </span>
     <span class='ocr_line' id='line_1_20' title="bbox 296 2346 1624 2422; baseline -0.001 -16"><span class='ocrx_word' id='word_1_191' title='bbox 296 2347 366 2407; x_wconf 91' lang='lat' dir='ltr'><strong>lano</strong></span> <span class='ocrx_word' id='word_1_192' title='bbox 392 2348 504 2421; x_wconf 91' lang='lat' dir='ltr'><strong>aliquo.</strong></span> <span class='ocrx_word' id='word_1_193' title='bbox 547 2346 701 2405; x_wconf 88' lang='lat' dir='ltr'><strong>Hactenus</strong></span> <span class='ocrx_word' id='word_1_194' title='bbox 726 2347 817 2422; x_wconf 85' lang='lat' dir='ltr'><strong>igitur</strong></span> <span class='ocrx_word' id='word_1_195' title='bbox 837 2347 939 2403; x_wconf 90' lang='lat' dir='ltr'><strong>omnia</strong></span> <span class='ocrx_word' id='word_1_196' title='bbox 960 2353 1041 2403; x_wconf 92' lang='lat' dir='ltr'><strong>certo</strong></span> <span class='ocrx_word' id='word_1_197' title='bbox 1063 2346 1195 2404; x_wconf 89' lang='lat' dir='ltr'><strong>stabilita</strong></span> <span class='ocrx_word' id='word_1_198' title='bbox 1216 2354 1286 2404; x_wconf 90' lang='lat' dir='ltr'><strong>sunt</strong></span> <span class='ocrx_word' id='word_1_199' title='bbox 1306 2364 1404 2421; x_wconf 83' lang='lat' dir='ltr'><strong>neque</strong></span> <span class='ocrx_word' id='word_1_200' title='bbox 1425 2346 1624 2405; x_wconf 84' lang='lat' dir='ltr'><strong>dissensionis</strong></span> 
     </span>
     <span class='ocr_line' id='line_1_21' title="bbox 296 2448 481 2507; baseline -0.011 -1"><span class='ocrx_word' id='word_1_201' title='bbox 296 2466 390 2507; x_wconf 88' lang='lat' dir='ltr'><strong>causa</strong></span> <span class='ocrx_word' id='word_1_202' title='bbox 410 2448 481 2505; x_wconf 88' lang='lat' dir='ltr'><strong>ulla.</strong></span> 
     </span>
    </p>

    <p class='ocr_par' dir='ltr' id='par_1_4' title="bbox 288 2546 1624 3831">
     <span class='ocr_line' id='line_1_22' title="bbox 379 2546 1624 2624; baseline 0 -17"><span class='ocrx_word' id='word_1_203' title='bbox 379 2547 420 2607; x_wconf 91' lang='lat' dir='ltr'><strong>Ut</strong></span> <span class='ocrx_word' id='word_1_204' title='bbox 443 2549 537 2624; x_wconf 89' lang='lat' dir='ltr'><strong>ipsius</strong></span> <span class='ocrx_word' id='word_1_205' title='bbox 558 2547 706 2606; x_wconf 89' lang='lat' dir='ltr'><strong>Aemiliae</strong></span> <span class='ocrx_word' id='word_1_206' title='bbox 727 2546 862 2622; x_wconf 87' lang='lat' dir='ltr'><strong>Lepidae</strong></span> <span class='ocrx_word' id='word_1_207' title='bbox 882 2547 1013 2623; x_wconf 87' lang='lat' dir='ltr'><strong>Augusti</strong></span> <span class='ocrx_word' id='word_1_208' title='bbox 1034 2547 1189 2624; x_wconf 90' lang='lat' dir='ltr'><strong>proneptis</strong></span> <span class='ocrx_word' id='word_1_209' title='bbox 1211 2554 1365 2605; x_wconf 90' lang='lat' dir='ltr'><strong>auctorum</strong></span> <span class='ocrx_word' id='word_1_210' title='bbox 1387 2549 1439 2622; x_wconf 90' lang='lat' dir='ltr'><strong>qui</strong></span> <span class='ocrx_word' id='word_1_211' title='bbox 1461 2556 1624 2624; x_wconf 87' lang='lat' dir='ltr'><strong>supersunt</strong></span> 
     </span>
     <span class='ocr_line' id='line_1_23' title="bbox 295 2645 1622 2724; baseline -0.001 -15"><span class='ocrx_word' id='word_1_212' title='bbox 295 2669 372 2709; x_wconf 89' lang='lat' dir='ltr'><strong>uuus</strong></span> <span class='ocrx_word' id='word_1_213' title='bbox 395 2648 556 2709; x_wconf 87' lang='lat' dir='ltr'><strong>Suetonius</strong></span> <span class='ocrx_word' id='word_1_214' title='bbox 581 2649 693 2707; x_wconf 91' lang='lat' dir='ltr'><strong>diserte</strong></span> <span class='ocrx_word' id='word_1_215' title='bbox 714 2648 897 2724; x_wconf 88' lang='lat' dir='ltr'><strong>meminit¹)‚</strong></span> <span class='ocrx_word' id='word_1_216' title='bbox 919 2650 962 2707; x_wconf 92' lang='lat' dir='ltr'><strong>ita</strong></span> <span class='ocrx_word' id='word_1_217' title='bbox 983 2647 1106 2706; x_wconf 90' lang='lat' dir='ltr'><strong>maritus</strong></span> <span class='ocrx_word' id='word_1_218' title='bbox 1128 2645 1250 2706; x_wconf 90' lang='lat' dir='ltr'><strong>Silanus</strong></span> <span class='ocrx_word' id='word_1_219' title='bbox 1273 2648 1392 2723; x_wconf 90' lang='lat' dir='ltr'><strong>quinam</strong></span> <span class='ocrx_word' id='word_1_220' title='bbox 1415 2648 1515 2719; x_wconf 86' lang='lat' dir='ltr'><strong>fuerit,</strong></span> <span class='ocrx_word' id='word_1_221' title='bbox 1537 2649 1622 2708; x_wconf 92' lang='lat' dir='ltr'><strong>solus</strong></span> 
     </span>
     <span class='ocr_line' id='line_1_24' title="bbox 295 2746 1623 2825; baseline 0.001 -17"><span class='ocrx_word' id='word_1_222' title='bbox 295 2750 457 2808; x_wconf 89' lang='lat' dir='ltr'><strong>memoriae</strong></span> <span class='ocrx_word' id='word_1_223' title='bbox 478 2750 647 2825; x_wconf 86' lang='lat' dir='ltr'><strong>prodidisse</strong></span> <span class='ocrx_word' id='word_1_224' title='bbox 661 2749 789 2819; x_wconf 89' lang='lat' dir='ltr'><strong>videtur,</strong></span> <span class='ocrx_word' id='word_1_225' title='bbox 811 2749 945 2807; x_wconf 85' lang='lat' dir='ltr'><strong>scribens</strong></span> <span class='ocrx_word' id='word_1_226' title='bbox 968 2746 1089 2823; x_wconf 89' lang='lat' dir='ltr'><strong>(Claud.</strong></span> <span class='ocrx_word' id='word_1_227' title='bbox 1106 2747 1160 2824; x_wconf 75' lang='lat'><strong>29)</strong></span> <span class='ocrx_word' id='word_1_228' title='bbox 1181 2746 1340 2806; x_wconf 91' lang='lat' dir='ltr'><strong>Claudium</strong></span> <span class='ocrx_word' id='word_1_229' title='bbox 1361 2749 1438 2805; x_wconf 90' lang='lat' dir='ltr'><strong>inter</strong></span> <span class='ocrx_word' id='word_1_230' title='bbox 1452 2749 1529 2807; x_wconf 90' lang='lat' dir='ltr'><strong>alios</strong></span> <span class='ocrx_word' id='word_1_231' title='bbox 1545 2750 1623 2809; x_wconf 91' lang='lat' dir='ltr'><strong>oeci·</strong></span> 
     </span>
     <span class='ocr_line' id='line_1_25' title="bbox 295 2846 1622 2925; baseline -0.002 -15"><span class='ocrx_word' id='word_1_232' title='bbox 295 2852 377 2910; x_wconf 90' lang='lat' dir='ltr'><strong>disse</strong></span> <span class='ocrx_word' id='word_1_233' title='bbox 391 2852 449 2925; x_wconf 92' lang='lat' dir='ltr'><strong>Ap.</strong></span> <span class='ocrx_word' id='word_1_234' title='bbox 466 2848 600 2911; x_wconf 90' lang='lat' dir='ltr'><strong>Silanum</strong></span> <span class='ocrx_word' id='word_1_235' title='bbox 623 2867 816 2907; x_wconf 80' lang='lat' dir='ltr'><strong>consocerum</strong></span> <span class='ocrx_word' id='word_1_236' title='bbox 838 2866 935 2906; x_wconf 87' lang='lat' dir='ltr'><strong>suum.</strong></span> <span class='ocrx_word' id='word_1_237' title='bbox 972 2846 1136 2907; x_wconf 77' lang='lat' dir='ltr'><strong>consoceri</strong></span> <span class='ocrx_word' id='word_1_238' title='bbox 1157 2850 1236 2907; x_wconf 87' lang='lat' dir='ltr'><strong>enim</strong></span> <span class='ocrx_word' id='word_1_239' title='bbox 1259 2849 1285 2906; x_wconf 91' lang='lat' dir='ltr'><strong>si</strong></span> <span class='ocrx_word' id='word_1_240' title='bbox 1306 2849 1429 2908; x_wconf 85' lang='lat' dir='ltr'><strong>luerunt</strong></span> <span class='ocrx_word' id='word_1_241' title='bbox 1444 2849 1514 2925; x_wconf 88' lang='lat' dir='ltr'><strong>imp.</strong></span> <span class='ocrx_word' id='word_1_242' title='bbox 1530 2847 1622 2911; x_wconf 89' lang='lat' dir='ltr'><strong>Clau·</strong></span> 
     </span>
     <span class='ocr_line' id='line_1_26' title="bbox 295 2946 1622 3026; baseline -0.001 -16"><span class='ocrx_word' id='word_1_243' title='bbox 295 2951 364 3010; x_wconf 92' lang='lat' dir='ltr'><strong>dius</strong></span> <span class='ocrx_word' id='word_1_244' title='bbox 390 2958 421 3009; x_wconf 89' lang='lat' dir='ltr'><strong>et</strong></span> <span class='ocrx_word' id='word_1_245' title='bbox 447 2952 505 3026; x_wconf 91' lang='lat' dir='ltr'><strong>Ap.</strong></span> <span class='ocrx_word' id='word_1_246' title='bbox 528 2949 651 3010; x_wconf 91' lang='lat' dir='ltr'><strong>Silanus</strong></span> <span class='ocrx_word' id='word_1_247' title='bbox 677 2966 737 3007; x_wconf 92' lang='lat' dir='ltr'><strong>cos.</strong></span> <span class='ocrx_word' id='word_1_248' title='bbox 765 2968 791 3006; x_wconf 89' lang='lat' dir='ltr'><strong>a.</strong></span> <span class='ocrx_word' id='word_1_249' title='bbox 815 2968 843 3006; x_wconf 92' lang='lat' dir='ltr'><strong>u.</strong></span> <span class='ocrx_word' id='word_1_250' title='bbox 864 2967 889 3006; x_wconf 93' lang='lat' dir='ltr'><strong>c.</strong></span> <span class='ocrx_word' id='word_1_251' title='bbox 907 2948 963 3006; x_wconf 87' lang='grc'><strong>781</strong></span> <span class='ocrx_word' id='word_1_252' title='bbox 983 2973 1020 2997; x_wconf 96' lang='grc'><strong>--</strong></span> <span class='ocrx_word' id='word_1_253' title='bbox 1037 2967 1065 3022; x_wconf 84' lang='grc' dir='ltr'><strong>ρ.</strong></span> <span class='ocrx_word' id='word_1_254' title='bbox 1089 2946 1158 3007; x_wconf 88' lang='lat' dir='ltr'><strong>Chr.</strong></span> <span class='ocrx_word' id='word_1_255' title='bbox 1176 2948 1230 3021; x_wconf 76' lang='lat'><strong>28,</strong></span> <span class='ocrx_word' id='word_1_256' title='bbox 1258 2958 1290 3007; x_wconf 90' lang='lat' dir='ltr'><strong>ut</strong></span> <span class='ocrx_word' id='word_1_257' title='bbox 1314 2949 1365 3007; x_wconf 93' lang='lat' dir='ltr'><strong>ille</strong></span> <span class='ocrx_word' id='word_1_258' title='bbox 1388 2948 1550 3021; x_wconf 79' lang='lat' dir='ltr'><strong>Octaviae,</strong></span> <span class='ocrx_word' id='word_1_259' title='bbox 1579 2951 1622 3009; x_wconf 91' lang='lat' dir='ltr'><strong>ita</strong></span> 
     </span>
     <span class='ocr_line' id='line_1_27' title="bbox 294 3046 1622 3124; baseline 0.001 -15"><span class='ocrx_word' id='word_1_260' title='bbox 294 3051 344 3109; x_wconf 90' lang='lat' dir='ltr'><strong>hic</strong></span> <span class='ocrx_word' id='word_1_261' title='bbox 368 3049 404 3106; x_wconf 92' lang='lat' dir='ltr'><strong>L.</strong></span> <span class='ocrx_word' id='word_1_262' title='bbox 431 3048 529 3109; x_wconf 91' lang='lat' dir='ltr'><strong>Silani</strong></span> <span class='ocrx_word' id='word_1_263' title='bbox 554 3059 640 3124; x_wconf 87' lang='lat' dir='ltr'><strong>pater</strong></span> <span class='ocrx_word' id='word_1_264' title='bbox 665 3048 754 3106; x_wconf 81' lang='lat' dir='ltr'><strong>suerit</strong></span> <span class='ocrx_word' id='word_1_265' title='bbox 779 3066 902 3106; x_wconf 89' lang='lat' dir='ltr'><strong>necesse</strong></span> <span class='ocrx_word' id='word_1_266' title='bbox 928 3058 989 3120; x_wconf 89' lang='lat' dir='ltr'><strong>est;</strong></span> <span class='ocrx_word' id='word_1_267' title='bbox 1015 3048 1051 3107; x_wconf 90' lang='lat' dir='ltr'><strong>L.</strong></span> <span class='ocrx_word' id='word_1_268' title='bbox 1079 3046 1216 3107; x_wconf 89' lang='lat' dir='ltr'><strong>Silanum</strong></span> <span class='ocrx_word' id='word_1_269' title='bbox 1243 3056 1343 3107; x_wconf 89' lang='lat' dir='ltr'><strong>autem</strong></span> <span class='ocrx_word' id='word_1_270' title='bbox 1370 3068 1438 3107; x_wconf 91' lang='lat' dir='ltr'><strong>cum</strong></span> <span class='ocrx_word' id='word_1_271' title='bbox 1459 3051 1500 3109; x_wconf 90' lang='lat' dir='ltr'><strong>M.</strong></span> <span class='ocrx_word' id='word_1_272' title='bbox 1524 3047 1622 3110; x_wconf 90' lang='lat' dir='ltr'><strong>Silani</strong></span> 
     </span>
     <span class='ocr_line' id='line_1_28' title="bbox 294 3149 1622 3228; baseline 0.001 -19"><span class='ocrx_word' id='word_1_273' title='bbox 294 3151 427 3227; x_wconf 84' lang='lat' dir='ltr'><strong>Augusti</strong></span> <span class='ocrx_word' id='word_1_274' title='bbox 446 3149 602 3225; x_wconf 88' lang='lat' dir='ltr'><strong>abnepotis</strong></span> <span class='ocrx_word' id='word_1_275' title='bbox 623 3149 746 3206; x_wconf 83' lang='lat' dir='ltr'><strong>fratrem</strong></span> <span class='ocrx_word' id='word_1_276' title='bbox 767 3149 899 3226; x_wconf 87' lang='lat' dir='ltr'><strong>appellet</strong></span> <span class='ocrx_word' id='word_1_277' title='bbox 912 3149 1035 3208; x_wconf 80' lang='lat' dir='ltr'><strong>Tacitus</strong></span> <span class='ocrx_word' id='word_1_278' title='bbox 1054 3168 1121 3207; x_wconf 87' lang='lat' dir='ltr'><strong>aun.</strong></span> <span class='ocrx_word' id='word_1_279' title='bbox 1141 3151 1232 3221; x_wconf 88' lang='lat'>13,1‚</span> <span class='ocrx_word' id='word_1_280' title='bbox 1255 3166 1302 3207; x_wconf 87' lang='lat' dir='ltr'><strong>rcs</strong></span> <span class='ocrx_word' id='word_1_281' title='bbox 1325 3150 1425 3209; x_wconf 89' lang='lat' dir='ltr'><strong>decisa</strong></span> <span class='ocrx_word' id='word_1_282' title='bbox 1445 3157 1492 3209; x_wconf 91' lang='lat' dir='ltr'><strong>est</strong></span> <span class='ocrx_word' id='word_1_283' title='bbox 1505 3152 1622 3228; x_wconf 89' lang='lat' dir='ltr'><strong>nupsit·</strong></span> 
     </span>
     <span class='ocr_line' id='line_1_29' title="bbox 293 3229 1621 3330; baseline 0 -19"><span class='ocrx_word' id='word_1_284' title='bbox 293 3270 353 3329; x_wconf 91' lang='lat' dir='ltr'><strong>que</strong></span> <span class='ocrx_word' id='word_1_285' title='bbox 375 3251 506 3330; x_wconf 88' lang='lat' dir='ltr'><strong>Augusti</strong></span> <span class='ocrx_word' id='word_1_286' title='bbox 532 3229 686 3328; x_wconf 86' lang='lat' dir='ltr'><strong>proneptis</strong></span> <span class='ocrx_word' id='word_1_287' title='bbox 712 3259 783 3307; x_wconf 91' lang='lat' dir='ltr'><strong>natu</strong></span> <span class='ocrx_word' id='word_1_288' title='bbox 812 3249 944 3307; x_wconf 89' lang='lat' dir='ltr'><strong>maxima</strong></span> <span class='ocrx_word' id='word_1_289' title='bbox 964 3252 1024 3325; x_wconf 91' lang='lat' dir='ltr'><strong>Ap.</strong></span> <span class='ocrx_word' id='word_1_290' title='bbox 1047 3248 1159 3309; x_wconf 88' lang='lat' dir='ltr'><strong>Silano.</strong></span> <span class='ocrx_word' id='word_1_291' title='bbox 1204 3250 1244 3308; x_wconf 85' lang='lat' dir='ltr'><strong>Et</strong></span> <span class='ocrx_word' id='word_1_292' title='bbox 1272 3251 1304 3308; x_wconf 92' lang='lat' dir='ltr'><strong>in</strong></span> <span class='ocrx_word' id='word_1_293' title='bbox 1329 3251 1385 3308; x_wconf 89' lang='lat' dir='ltr'><strong>hac</strong></span> <span class='ocrx_word' id='word_1_294' title='bbox 1410 3250 1529 3326; x_wconf 87' lang='lat' dir='ltr'><strong>quidem</strong></span> <span class='ocrx_word' id='word_1_295' title='bbox 1556 3253 1621 3329; x_wconf 92' lang='lat' dir='ltr'><strong>opi·</strong></span> 
     </span>
     <span class='ocr_line' id='line_1_30' title="bbox 293 3350 1621 3428; baseline -0.002 -14"><span class='ocrx_word' id='word_1_296' title='bbox 293 3355 384 3415; x_wconf 92' lang='lat' dir='ltr'><strong>uieue</strong></span> <span class='ocrx_word' id='word_1_297' title='bbox 409 3361 439 3413; x_wconf 89' lang='lat' dir='ltr'><strong>et</strong></span> <span class='ocrx_word' id='word_1_298' title='bbox 464 3353 514 3410; x_wconf 91' lang='lat' dir='ltr'><strong>alii</strong></span> <span class='ocrx_word' id='word_1_299' title='bbox 539 3351 658 3428; x_wconf 90' lang='lat' dir='ltr'><strong>plurimi</strong></span> <span class='ocrx_word' id='word_1_300' title='bbox 680 3350 897 3427; x_wconf 79' lang='lat' dir='ltr'><strong>adquieverunt</strong></span> <span class='ocrx_word' id='word_1_301' title='bbox 921 3360 952 3408; x_wconf 88' lang='lat' dir='ltr'><strong>et</strong></span> <span class='ocrx_word' id='word_1_302' title='bbox 978 3351 1044 3423; x_wconf 90' lang='lat' dir='ltr'><strong>ipse</strong></span> <span class='ocrx_word' id='word_1_303' title='bbox 1065 3350 1266 3426; x_wconf 86' lang='lat' dir='ltr'><strong>Borghesius‚</strong></span> <span class='ocrx_word' id='word_1_304' title='bbox 1295 3351 1403 3421; x_wconf 89' lang='lat' dir='ltr'><strong>aerius,</strong></span> <span class='ocrx_word' id='word_1_305' title='bbox 1428 3369 1517 3427; x_wconf 87' lang='lat' dir='ltr'><strong>quam</strong></span> <span class='ocrx_word' id='word_1_306' title='bbox 1545 3352 1621 3411; x_wconf 91' lang='lat' dir='ltr'><strong>solet</strong></span> 
     </span>
     <span class='ocr_line' id='line_1_31' title="bbox 294 3450 1620 3529; baseline -0.002 -15"><span class='ocrx_word' id='word_1_307' title='bbox 294 3456 340 3514; x_wconf 87' lang='lat' dir='ltr'><strong>vir</strong></span> <span class='ocrx_word' id='word_1_308' title='bbox 364 3462 398 3512; x_wconf 89' lang='lat' dir='ltr'><strong>ut</strong></span> <span class='ocrx_word' id='word_1_309' title='bbox 418 3453 609 3511; x_wconf 91' lang='lat' dir='ltr'><strong>doctissimus</strong></span> <span class='ocrx_word' id='word_1_310' title='bbox 630 3453 673 3510; x_wconf 88' lang='lat' dir='ltr'><strong>ita</strong></span> <span class='ocrx_word' id='word_1_311' title='bbox 694 3452 885 3521; x_wconf 89' lang='lat' dir='ltr'><strong>mitissimus,</strong></span> <span class='ocrx_word' id='word_1_312' title='bbox 911 3451 1131 3528; x_wconf 88' lang='lat' dir='ltr'><strong>reprehendens</strong></span> <span class='ocrx_word' id='word_1_313' title='bbox 1153 3451 1333 3509; x_wconf 91' lang='lat' dir='ltr'><strong>Bretierium</strong></span> <span class='ocrx_word' id='word_1_314' title='bbox 1355 3469 1410 3526; x_wconf 92' lang='lat' dir='ltr'><strong>pro</strong></span> <span class='ocrx_word' id='word_1_315' title='bbox 1432 3453 1492 3529; x_wconf 91' lang='lat' dir='ltr'><strong>Ap.</strong></span> <span class='ocrx_word' id='word_1_316' title='bbox 1514 3450 1620 3513; x_wconf 88' lang='lat' dir='ltr'><strong>Silano</strong></span> 
     </span>
     <span class='ocr_line' id='line_1_32' title="bbox 288 3549 1618 3630; baseline 0.002 -21"><span class='ocrx_word' id='word_1_317' title='bbox 288 3574 355 3614; x_wconf 86' lang='lat' dir='ltr'><strong>cos.</strong></span> <span class='ocrx_word' id='word_1_318' title='bbox 377 3574 404 3613; x_wconf 79' lang='lat' dir='ltr'><strong>a.</strong></span> <span class='ocrx_word' id='word_1_319' title='bbox 419 3573 450 3630; x_wconf 93' lang='lat' dir='ltr'><strong>p.</strong></span> <span class='ocrx_word' id='word_1_320' title='bbox 466 3552 536 3613; x_wconf 87' lang='lat' dir='ltr'><strong>Chr.</strong></span> <span class='ocrx_word' id='word_1_321' title='bbox 553 3553 590 3611; x_wconf 78' lang='lat'><strong>28</strong></span> <span class='ocrx_word' id='word_1_322' title='bbox 614 3552 842 3611; x_wconf 86' lang='lat' dir='ltr'><strong>substituentem</strong></span> <span class='ocrx_word' id='word_1_323' title='bbox 857 3551 898 3609; x_wconf 87' lang='lat' dir='ltr'><strong>M.</strong></span> <span class='ocrx_word' id='word_1_324' title='bbox 913 3549 1049 3611; x_wconf 90' lang='lat' dir='ltr'><strong>Silanum</strong></span> <span class='ocrx_word' id='word_1_325' title='bbox 1071 3570 1133 3610; x_wconf 91' lang='lat' dir='ltr'><strong>eos.</strong></span> <span class='ocrx_word' id='word_1_326' title='bbox 1156 3570 1229 3628; x_wconf 83' lang='lat' dir='ltr'><strong>ap.</strong></span> <span class='ocrx_word' id='word_1_327' title='bbox 1245 3549 1316 3609; x_wconf 89' lang='lat' dir='ltr'><strong>Chr.</strong></span> <span class='ocrx_word' id='word_1_328' title='bbox 1335 3552 1382 3609; x_wconf 84' lang='lat'><strong>19.</strong></span> <span class='ocrx_word' id='word_1_329' title='bbox 1418 3552 1494 3611; x_wconf 90' lang='lat' dir='ltr'><strong>Mihi</strong></span> <span class='ocrx_word' id='word_1_330' title='bbox 1509 3562 1618 3627; x_wconf 88' lang='lat' dir='ltr'><strong>tamen,</strong></span> 
     </span>
     <span class='ocr_line' id='line_1_33' title="bbox 292 3651 1619 3729; baseline -0.002 -14"><span class='ocrx_word' id='word_1_331' title='bbox 292 3664 325 3715; x_wconf 90' lang='lat' dir='ltr'><strong>ut</strong></span> <span class='ocrx_word' id='word_1_332' title='bbox 345 3674 448 3714; x_wconf 91' lang='lat' dir='ltr'><strong>verum</strong></span> <span class='ocrx_word' id='word_1_333' title='bbox 475 3654 583 3723; x_wconf 87' lang='lat' dir='ltr'><strong>fatear,</strong></span> <span class='ocrx_word' id='word_1_334' title='bbox 609 3651 677 3709; x_wconf 92' lang='lat' dir='ltr'><strong>sola</strong></span> <span class='ocrx_word' id='word_1_335' title='bbox 697 3653 886 3712; x_wconf 88' lang='lat' dir='ltr'><strong>Brotieriana</strong></span> <span class='ocrx_word' id='word_1_336' title='bbox 910 3653 1013 3729; x_wconf 91' lang='lat' dir='ltr'><strong>opinio</strong></span> <span class='ocrx_word' id='word_1_337' title='bbox 1035 3653 1190 3727; x_wconf 90' lang='lat' dir='ltr'><strong>probatur,</strong></span> <span class='ocrx_word' id='word_1_338' title='bbox 1216 3653 1340 3727; x_wconf 88' lang='lat' dir='ltr'><strong>eiusque</strong></span> <span class='ocrx_word' id='word_1_339' title='bbox 1361 3671 1446 3711; x_wconf 85' lang='lat' dir='ltr'><strong>meae</strong></span> <span class='ocrx_word' id='word_1_340' title='bbox 1467 3654 1619 3729; x_wconf 90' lang='lat' dir='ltr'><strong>opinionis</strong></span> 
     </span>
     <span class='ocr_line' id='line_1_34' title="bbox 292 3752 737 3831; baseline -0.007 -17"><span class='ocrx_word' id='word_1_341' title='bbox 292 3765 467 3831; x_wconf 88' lang='lat' dir='ltr'><strong>argumenta</strong></span> <span class='ocrx_word' id='word_1_342' title='bbox 487 3755 547 3812; x_wconf 91' lang='lat' dir='ltr'><strong>iam</strong></span> <span class='ocrx_word' id='word_1_343' title='bbox 568 3752 737 3811; x_wconf 89' lang='lat' dir='ltr'><strong>declarabo.</strong></span> 
     </span>
    </p>

    <p class='ocr_par' dir='ltr' id='par_1_5' title="bbox 291 3849 1618 4631">
     <span class='ocr_line' id='line_1_35' title="bbox 376 3849 1618 3930; baseline 0.002 -19"><span class='ocrx_word' id='word_1_344' title='bbox 376 3855 404 3913; x_wconf 90' lang='lat'><strong>1.</strong></span> <span class='ocrx_word' id='word_1_345' title='bbox 447 3855 505 3929; x_wconf 89' lang='lat' dir='ltr'><strong>Ap.</strong></span> <span class='ocrx_word' id='word_1_346' title='bbox 527 3851 663 3913; x_wconf 89' lang='lat' dir='ltr'><strong>Silanum</strong></span> <span class='ocrx_word' id='word_1_347' title='bbox 689 3871 756 3911; x_wconf 91' lang='lat' dir='ltr'><strong>cum</strong></span> <span class='ocrx_word' id='word_1_348' title='bbox 778 3870 971 3911; x_wconf 88' lang='lat' dir='ltr'><strong>consocerum</strong></span> <span class='ocrx_word' id='word_1_349' title='bbox 994 3851 1111 3912; x_wconf 90' lang='lat' dir='ltr'><strong>Claudii</strong></span> <span class='ocrx_word' id='word_1_350' title='bbox 1131 3853 1321 3930; x_wconf 88' lang='lat' dir='ltr'><strong>imperatoris</strong></span> <span class='ocrx_word' id='word_1_351' title='bbox 1344 3849 1506 3912; x_wconf 88' lang='lat' dir='ltr'><strong>Suetonius</strong></span> <span class='ocrx_word' id='word_1_352' title='bbox 1528 3854 1618 3927; x_wconf 78' lang='lat' dir='ltr'><strong>dicat,</strong></span> 
     </span>
     <span class='ocr_line' id='line_1_36' title="bbox 292 3951 1617 4030; baseline 0 -16"><span class='ocrx_word' id='word_1_353' title='bbox 292 3974 310 4014; x_wconf 90' lang='lat' dir='ltr'><strong>e</strong></span> <span class='ocrx_word' id='word_1_354' title='bbox 330 3956 480 4013; x_wconf 92' lang='lat' dir='ltr'><strong>contrario</strong></span> <span class='ocrx_word' id='word_1_355' title='bbox 495 3953 678 4030; x_wconf 87' lang='lat' dir='ltr'><strong>Apotheosis</strong></span> <span class='ocrx_word' id='word_1_356' title='bbox 693 3960 804 4027; x_wconf 89' lang='lat' dir='ltr'><strong>auctor,</strong></span> <span class='ocrx_word' id='word_1_357' title='bbox 826 3953 889 4013; x_wconf 83' lang='lat' dir='ltr'><strong>sire</strong></span> <span class='ocrx_word' id='word_1_358' title='bbox 905 3951 1019 4014; x_wconf 85' lang='lat' dir='ltr'><strong>Seneca</strong></span> <span class='ocrx_word' id='word_1_359' title='bbox 1033 3954 1059 4012; x_wconf 90' lang='lat' dir='ltr'><strong>is</strong></span> <span class='ocrx_word' id='word_1_360' title='bbox 1072 3953 1129 4011; x_wconf 86' lang='lat' dir='ltr'><strong>fuit</strong></span> <span class='ocrx_word' id='word_1_361' title='bbox 1144 3955 1208 4012; x_wconf 90' lang='lat' dir='ltr'><strong>sive</strong></span> <span class='ocrx_word' id='word_1_362' title='bbox 1222 3954 1356 4029; x_wconf 88' lang='lat' dir='ltr'><strong>aequalis</strong></span> <span class='ocrx_word' id='word_1_363' title='bbox 1371 3954 1459 4026; x_wconf 90' lang='lat' dir='ltr'><strong>alius,</strong></span> <span class='ocrx_word' id='word_1_364' title='bbox 1480 3973 1548 4013; x_wconf 88' lang='lat' dir='ltr'><strong>eum</strong></span> <span class='ocrx_word' id='word_1_365' title='bbox 1563 3957 1617 4014; x_wconf 94' lang='lat' dir='ltr'><strong>im·</strong></span> 
     </span>
     <span class='ocr_line' id='line_1_37' title="bbox 291 4053 1617 4133; baseline 0 -19"><span class='ocrx_word' id='word_1_366' title='bbox 291 4056 440 4133; x_wconf 88' lang='lat' dir='ltr'><strong>peratoris</strong></span> <span class='ocrx_word' id='word_1_367' title='bbox 455 4072 590 4113; x_wconf 90' lang='lat' dir='ltr'><strong>socerum</strong></span> <span class='ocrx_word' id='word_1_368' title='bbox 605 4053 737 4129; x_wconf 89' lang='lat' dir='ltr'><strong>appellat</strong></span> <span class='ocrx_word' id='word_1_369' title='bbox 756 4054 797 4130; x_wconf 91' lang='lat' dir='ltr'><strong>(c.</strong></span> <span class='ocrx_word' id='word_1_370' title='bbox 813 4055 875 4129; x_wconf 89' lang='lat'>11),</span> <span class='ocrx_word' id='word_1_371' title='bbox 895 4061 925 4114; x_wconf 93' lang='lat' dir='ltr'><strong>et</strong></span> <span class='ocrx_word' id='word_1_372' title='bbox 942 4062 1022 4113; x_wconf 90' lang='lat' dir='ltr'><strong>recte</strong></span> <span class='ocrx_word' id='word_1_373' title='bbox 1038 4054 1169 4127; x_wconf 90' lang='lat' dir='ltr'><strong>omnino,</strong></span> <span class='ocrx_word' id='word_1_374' title='bbox 1188 4056 1245 4113; x_wconf 90' lang='lat' dir='ltr'><strong>etsi</strong></span> <span class='ocrx_word' id='word_1_375' title='bbox 1262 4054 1337 4112; x_wconf 86' lang='lat' dir='ltr'><strong>satis</strong></span> <span class='ocrx_word' id='word_1_376' title='bbox 1352 4054 1510 4113; x_wconf 88' lang='lat' dir='ltr'><strong>invidiose.</strong></span> <span class='ocrx_word' id='word_1_377' title='bbox 1536 4054 1617 4115; x_wconf 89' lang='lat' dir='ltr'><strong>Nam</strong></span> 
     </span>
     <span class='ocr_line' id='line_1_38' title="bbox 292 4154 1617 4231; baseline 0 -17"><span class='ocrx_word' id='word_1_378' title='bbox 292 4157 396 4214; x_wconf 85' lang='lat' dir='ltr'><strong>uxoris</strong></span> <span class='ocrx_word' id='word_1_379' title='bbox 417 4154 537 4214; x_wconf 89' lang='lat' dir='ltr'><strong>Claudii</strong></span> <span class='ocrx_word' id='word_1_380' title='bbox 553 4154 692 4211; x_wconf 89' lang='lat' dir='ltr'><strong>Valeriae</strong></span> <span class='ocrx_word' id='word_1_381' title='bbox 713 4154 895 4213; x_wconf 87' lang='lat' dir='ltr'><strong>Messalinae</strong></span> <span class='ocrx_word' id='word_1_382' title='bbox 916 4165 1041 4215; x_wconf 90' lang='lat' dir='ltr'><strong>matrem</strong></span> <span class='ocrx_word' id='word_1_383' title='bbox 1059 4155 1225 4214; x_wconf 88' lang='lat' dir='ltr'><strong>Domitiam</strong></span> <span class='ocrx_word' id='word_1_384' title='bbox 1239 4154 1384 4231; x_wconf 89' lang='lat' dir='ltr'><strong>Lepidam</strong></span> <span class='ocrx_word' id='word_1_385' title='bbox 1406 4164 1528 4214; x_wconf 86' lang='lat' dir='ltr'><strong>auctore</strong></span> <span class='ocrx_word' id='word_1_386' title='bbox 1548 4156 1617 4231; x_wconf 90' lang='lat' dir='ltr'><strong>ipso</strong></span> 
     </span>
     <span class='ocr_line' id='line_1_39' title="bbox 293 4253 1618 4332; baseline 0.001 -18"><span class='ocrx_word' id='word_1_387' title='bbox 293 4254 421 4314; x_wconf 90' lang='lat' dir='ltr'><strong>Claudio</strong></span> <span class='ocrx_word' id='word_1_388' title='bbox 443 4274 469 4314; x_wconf 92' lang='lat' dir='ltr'><strong>c.</strong></span> <span class='ocrx_word' id='word_1_389' title='bbox 485 4274 511 4313; x_wconf 89' lang='lat' dir='ltr'><strong>a</strong></span> <span class='ocrx_word' id='word_1_390' title='bbox 526 4256 563 4315; x_wconf 84' lang='grc'><strong>41</strong></span> <span class='ocrx_word' id='word_1_391' title='bbox 588 4254 727 4330; x_wconf 89' lang='lat' dir='ltr'><strong>nupsisse</strong></span> <span class='ocrx_word' id='word_1_392' title='bbox 742 4256 800 4332; x_wconf 92' lang='lat' dir='ltr'><strong>Ap.</strong></span> <span class='ocrx_word' id='word_1_393' title='bbox 817 4253 920 4314; x_wconf 90' lang='lat' dir='ltr'><strong>Silano</strong></span> <span class='ocrx_word' id='word_1_394' title='bbox 933 4255 995 4315; x_wconf 91' lang='lat' dir='ltr'><strong>Dio</strong></span> <span class='ocrx_word' id='word_1_395' title='bbox 1017 4256 1081 4332; x_wconf 86' lang='grc'><strong>(60,</strong></span> <span class='ocrx_word' id='word_1_396' title='bbox 1100 4256 1151 4331; x_wconf 86' lang='grc'><strong>14)</strong></span> <span class='ocrx_word' id='word_1_397' title='bbox 1173 4254 1263 4315; x_wconf 80' lang='lat' dir='ltr'><strong>refert</strong></span> <span class='ocrx_word' id='word_1_398' title='bbox 1283 4255 1386 4330; x_wconf 87' lang='lat' dir='ltr'><strong>itaque</strong></span> <span class='ocrx_word' id='word_1_399' title='bbox 1407 4256 1445 4313; x_wconf 89' lang='lat' dir='ltr'><strong>ab</strong></span> <span class='ocrx_word' id='word_1_400' title='bbox 1467 4255 1618 4315; x_wconf 90' lang='lat' dir='ltr'><strong>eiusmodi</strong></span> 
     </span>
     <span class='ocr_line' id='line_1_40' title="bbox 292 4355 1617 4432; baseline 0 -17"><span class='ocrx_word' id='word_1_401' title='bbox 292 4357 437 4432; x_wconf 89' lang='lat' dir='ltr'><strong>scriptore</strong></span> <span class='ocrx_word' id='word_1_402' title='bbox 458 4355 578 4414; x_wconf 92' lang='lat' dir='ltr'><strong>omnino</strong></span> <span class='ocrx_word' id='word_1_403' title='bbox 599 4374 684 4414; x_wconf 89' lang='lat' dir='ltr'><strong>socer</strong></span> <span class='ocrx_word' id='word_1_404' title='bbox 705 4355 761 4413; x_wconf 92' lang='lat' dir='ltr'><strong>diei</strong></span> <span class='ocrx_word' id='word_1_405' title='bbox 784 4356 888 4431; x_wconf 89' lang='lat' dir='ltr'><strong>potuit,</strong></span> <span class='ocrx_word' id='word_1_406' title='bbox 910 4356 962 4431; x_wconf 94' lang='lat' dir='ltr'><strong>qui</strong></span> <span class='ocrx_word' id='word_1_407' title='bbox 983 4376 1052 4415; x_wconf 86' lang='lat' dir='ltr'><strong>vere</strong></span> <span class='ocrx_word' id='word_1_408' title='bbox 1073 4375 1131 4414; x_wconf 91' lang='lat' dir='ltr'><strong>non</strong></span> <span class='ocrx_word' id='word_1_409' title='bbox 1153 4362 1238 4431; x_wconf 89' lang='lat' dir='ltr'><strong>pater</strong></span> <span class='ocrx_word' id='word_1_410' title='bbox 1259 4363 1338 4414; x_wconf 90' lang='lat' dir='ltr'><strong>esset</strong></span> <span class='ocrx_word' id='word_1_411' title='bbox 1360 4356 1475 4428; x_wconf 85' lang='lat' dir='ltr'><strong>uxoris,</strong></span> <span class='ocrx_word' id='word_1_412' title='bbox 1498 4357 1553 4415; x_wconf 92' lang='lat' dir='ltr'><strong>sed</strong></span> <span class='ocrx_word' id='word_1_413' title='bbox 1574 4358 1617 4415; x_wconf 84' lang='lat' dir='ltr'><strong>vi·</strong></span> 
     </span>
     <span class='ocr_line' id='line_1_41' title="bbox 291 4453 1616 4534; baseline 0.001 -19"><span class='ocrx_word' id='word_1_414' title='bbox 291 4457 395 4515; x_wconf 87' lang='lat' dir='ltr'><strong>tricus.</strong></span> <span class='ocrx_word' id='word_1_415' title='bbox 435 4455 544 4531; x_wconf 86' lang='lat' dir='ltr'><strong>Neque</strong></span> <span class='ocrx_word' id='word_1_416' title='bbox 565 4455 595 4512; x_wconf 92' lang='lat' dir='ltr'><strong>id</strong></span> <span class='ocrx_word' id='word_1_417' title='bbox 616 4453 801 4530; x_wconf 85' lang='lat' dir='ltr'><strong>Borghesius</strong></span> <span class='ocrx_word' id='word_1_418' title='bbox 823 4475 883 4513; x_wconf 93' lang='lat' dir='ltr'><strong>non</strong></span> <span class='ocrx_word' id='word_1_419' title='bbox 903 4456 1065 4527; x_wconf 84' lang='lat' dir='ltr'><strong>intellexit3</strong></span> <span class='ocrx_word' id='word_1_420' title='bbox 1087 4456 1141 4515; x_wconf 89' lang='lat' dir='ltr'><strong>sed</strong></span> <span class='ocrx_word' id='word_1_421' title='bbox 1163 4466 1320 4531; x_wconf 76' lang='lat' dir='ltr'><strong>unumque</strong></span> <span class='ocrx_word' id='word_1_422' title='bbox 1341 4456 1463 4514; x_wconf 89' lang='lat' dir='ltr'><strong>admisit</strong></span> <span class='ocrx_word' id='word_1_423' title='bbox 1483 4457 1616 4534; x_wconf 89' lang='lat' dir='ltr'><strong>Appium</strong></span> 
     </span>
     <span class='ocr_line' id='line_1_42' title="bbox 292 4555 1615 4631; baseline 0.002 -17"><span class='ocrx_word' id='word_1_424' title='bbox 292 4567 322 4616; x_wconf 92' lang='lat' dir='ltr'><strong>et</strong></span> <span class='ocrx_word' id='word_1_425' title='bbox 342 4575 479 4616; x_wconf 88' lang='lat' dir='ltr'><strong>socerum</strong></span> <span class='ocrx_word' id='word_1_426' title='bbox 500 4564 531 4614; x_wconf 90' lang='lat' dir='ltr'><strong>et</strong></span> <span class='ocrx_word' id='word_1_427' title='bbox 551 4572 745 4614; x_wconf 90' lang='lat' dir='ltr'><strong>consocerum</strong></span> <span class='ocrx_word' id='word_1_428' title='bbox 767 4557 957 4631; x_wconf 89' lang='lat' dir='ltr'><strong>imperatoris</strong></span> <span class='ocrx_word' id='word_1_429' title='bbox 978 4557 1081 4629; x_wconf 85' lang='lat' dir='ltr'><strong>fuisse,</strong></span> <span class='ocrx_word' id='word_1_430' title='bbox 1104 4558 1203 4615; x_wconf 91' lang='lat' dir='ltr'><strong>minus</strong></span> <span class='ocrx_word' id='word_1_431' title='bbox 1224 4566 1313 4614; x_wconf 90' lang='lat' dir='ltr'><strong>recte.</strong></span> <span class='ocrx_word' id='word_1_432' title='bbox 1350 4555 1429 4614; x_wconf 88' lang='lat' dir='ltr'><strong>Nam</strong></span> <span class='ocrx_word' id='word_1_433' title='bbox 1452 4576 1519 4616; x_wconf 90' lang='lat' dir='ltr'><strong>eum</strong></span> <span class='ocrx_word' id='word_1_434' title='bbox 1536 4565 1615 4616; x_wconf 91' lang='lat' dir='ltr'><strong>utra·</strong></span> 
     </span>
    </p>
   </div>
   <div class='ocr_carea' id='block_1_4' title="bbox 449 4711 495 4718">
    <p class='ocr_par' dir='ltr' id='par_1_6' title="bbox 449 4711 495 4718">
     <span class='ocr_line' id='line_1_43' title="bbox 449 4711 495 4718; baseline 0 0"><span class='ocrx_word' id='word_1_435' title='bbox 449 4711 495 4718; x_wconf 63' lang='grc'><strong>*-</strong></span> 
     </span>
    </p>
   </div>
   <div class='ocr_carea' id='block_1_5' title="bbox 292 4799 1614 4958">
    <p class='ocr_par' dir='ltr' id='par_1_7' title="bbox 292 4799 1614 4958">
     <span class='ocr_line' id='line_1_44' title="bbox 368 4799 1614 4867; baseline 0.006 -18"><span class='ocrx_word' id='word_1_436' title='bbox 368 4799 393 4861; x_wconf 88' lang='lat'><strong>¹)</strong></span> <span class='ocrx_word' id='word_1_437' title='bbox 425 4801 537 4850; x_wconf 86' lang='lat' dir='ltr'><strong>Aemilia</strong></span> <span class='ocrx_word' id='word_1_438' title='bbox 554 4801 654 4864; x_wconf 87' lang='lat' dir='ltr'><strong>Lepida</strong></span> <span class='ocrx_word' id='word_1_439' title='bbox 672 4815 737 4864; x_wconf 89' lang='lat' dir='ltr'><strong>quae</strong></span> <span class='ocrx_word' id='word_1_440' title='bbox 755 4802 842 4866; x_wconf 88' lang='lat' dir='ltr'><strong>nupsit</strong></span> <span class='ocrx_word' id='word_1_441' title='bbox 859 4802 947 4852; x_wconf 87' lang='lat' dir='ltr'><strong>Druso</strong></span> <span class='ocrx_word' id='word_1_442' title='bbox 966 4801 1114 4853; x_wconf 82' lang='lat' dir='ltr'><strong>Germanici</strong></span> <span class='ocrx_word' id='word_1_443' title='bbox 1132 4803 1186 4853; x_wconf 87' lang='lat' dir='ltr'><strong>fllio</strong></span> <span class='ocrx_word' id='word_1_444' title='bbox 1205 4803 1324 4867; x_wconf 89' lang='lat' dir='ltr'><strong>diemque</strong></span> <span class='ocrx_word' id='word_1_445' title='bbox 1342 4803 1406 4852; x_wconf 93' lang='lat' dir='ltr'><strong>obiit</strong></span> <span class='ocrx_word' id='word_1_446' title='bbox 1424 4816 1448 4853; x_wconf 87' lang='lat' dir='ltr'><strong>a.</strong></span> <span class='ocrx_word' id='word_1_447' title='bbox 1461 4819 1487 4866; x_wconf 89' lang='lat' dir='ltr'><strong>p.</strong></span> <span class='ocrx_word' id='word_1_448' title='bbox 1502 4803 1564 4854; x_wconf 85' lang='lat' dir='ltr'><strong>Chr.</strong></span> <span class='ocrx_word' id='word_1_449' title='bbox 1579 4806 1614 4856; x_wconf 88' lang='grc'><strong>36</strong></span> 
     </span>
     <span class='ocr_line' id='line_1_45' title="bbox 292 4891 1612 4958; baseline 0.005 -18"><span class='ocrx_word' id='word_1_450' title='bbox 292 4891 399 4940; x_wconf 88' lang='lat' dir='ltr'><strong>omnino</strong></span> <span class='ocrx_word' id='word_1_451' title='bbox 417 4891 518 4939; x_wconf 84' lang='lat' dir='ltr'><strong>diversa</strong></span> <span class='ocrx_word' id='word_1_452' title='bbox 536 4898 586 4951; x_wconf 81' lang='lat' dir='ltr'><strong>est3</strong></span> <span class='ocrx_word' id='word_1_453' title='bbox 610 4891 686 4941; x_wconf 90' lang='lat' dir='ltr'><strong>huius</strong></span> <span class='ocrx_word' id='word_1_454' title='bbox 704 4892 772 4941; x_wconf 86' lang='lat' dir='ltr'><strong>enim</strong></span> <span class='ocrx_word' id='word_1_455' title='bbox 791 4900 864 4957; x_wconf 88' lang='lat' dir='ltr'><strong>pater</strong></span> <span class='ocrx_word' id='word_1_456' title='bbox 882 4894 1001 4958; x_wconf 85' lang='lat' dir='ltr'><strong>proxime</strong></span> <span class='ocrx_word' id='word_1_457' title='bbox 1019 4901 1078 4943; x_wconf 81' lang='lat' dir='ltr'><strong>ante</strong></span> <span class='ocrx_word' id='word_1_458' title='bbox 1096 4895 1178 4958; x_wconf 87' lang='lat' dir='ltr'><strong>ipsam</strong></span> <span class='ocrx_word' id='word_1_459' title='bbox 1197 4894 1332 4944; x_wconf 74' lang='lat' dir='ltr'><strong>defunctus</strong></span> <span class='ocrx_word' id='word_1_460' title='bbox 1351 4901 1389 4945; x_wconf 90' lang='lat' dir='ltr'><strong>est</strong></span> <span class='ocrx_word' id='word_1_461' title='bbox 1414 4893 1489 4955; x_wconf 87' lang='lat' dir='ltr'><strong>(Tac.</strong></span> <span class='ocrx_word' id='word_1_462' title='bbox 1509 4909 1570 4945; x_wconf 85' lang='lat' dir='ltr'><strong>anu.</strong></span> <span class='ocrx_word' id='word_1_463' title='bbox 1587 4897 1612 4957; x_wconf 84' lang='lat'><strong>6,</strong></span> 
     </span>
    </p>
   </div>
   <div class='ocr_carea' id='block_1_6' title="bbox 291 4980 1614 5135">
    <p class='ocr_par' dir='ltr' id='par_1_8' title="bbox 291 4980 1614 5135">
     <span class='ocr_line' id='line_1_46' title="bbox 292 4980 1614 5051; baseline 0.005 -21"><span class='ocrx_word' id='word_1_464' title='bbox 292 4980 353 5041; x_wconf 80' lang='lat'>40),</span> <span class='ocrx_word' id='word_1_465' title='bbox 376 4995 433 5047; x_wconf 80' lang='lat' dir='ltr'><strong>cum</strong></span> <span class='ocrx_word' id='word_1_466' title='bbox 452 4980 566 5043; x_wconf 89' lang='lat' dir='ltr'><strong>Lepidae</strong></span> <span class='ocrx_word' id='word_1_467' title='bbox 585 4981 696 5044; x_wconf 86' lang='lat' dir='ltr'><strong>Augusti</strong></span> <span class='ocrx_word' id='word_1_468' title='bbox 719 4985 852 5047; x_wconf 86' lang='lat' dir='ltr'><strong>proneptis</strong></span> <span class='ocrx_word' id='word_1_469' title='bbox 875 4992 974 5048; x_wconf 88' lang='lat' dir='ltr'><strong>patrem</strong></span> <span class='ocrx_word' id='word_1_470' title='bbox 993 4983 1087 5034; x_wconf 86' lang='lat' dir='ltr'><strong>obiisse</strong></span> <span class='ocrx_word' id='word_1_471' title='bbox 1106 4992 1166 5035; x_wconf 89' lang='lat' dir='ltr'><strong>aute</strong></span> <span class='ocrx_word' id='word_1_472' title='bbox 1184 4985 1269 5050; x_wconf 89' lang='lat' dir='ltr'><strong>ipsum</strong></span> <span class='ocrx_word' id='word_1_473' title='bbox 1287 4987 1432 5051; x_wconf 83' lang='lat' dir='ltr'><strong>Augustum</strong></span> <span class='ocrx_word' id='word_1_474' title='bbox 1452 4992 1510 5036; x_wconf 81' lang='lat' dir='ltr'><strong>acta</strong></span> <span class='ocrx_word' id='word_1_475' title='bbox 1529 4988 1614 5037; x_wconf 75' lang='lat' dir='ltr'><strong>Arta·</strong></span> 
     </span>
     <span class='ocr_line' id='line_1_47' title="bbox 291 5068 798 5135; baseline 0.002 -15"><span class='ocrx_word' id='word_1_476' title='bbox 291 5069 353 5120; x_wconf 89' lang='lat' dir='ltr'><strong>lium</strong></span> <span class='ocrx_word' id='word_1_477' title='bbox 372 5070 433 5120; x_wconf 87' lang='lat' dir='ltr'><strong>anui</strong></span> <span class='ocrx_word' id='word_1_478' title='bbox 446 5085 471 5135; x_wconf 91' lang='lat' dir='ltr'><strong>p.</strong></span> <span class='ocrx_word' id='word_1_479' title='bbox 486 5068 547 5118; x_wconf 91' lang='lat' dir='ltr'><strong>Chr.</strong></span> <span class='ocrx_word' id='word_1_480' title='bbox 563 5070 596 5120; x_wconf 77' lang='lat'><strong>14</strong></span> <span class='ocrx_word' id='word_1_481' title='bbox 615 5070 798 5122; x_wconf 86' lang='lat' dir='ltr'><strong>demonstrent.</strong></span> 
     </span>
    </p>
   </div>
   <div class='ocr_carea' id='block_1_7' title="bbox 0 0 1744 5804">
    <p class='ocr_par' dir='ltr' id='par_1_9' title="bbox 0 0 1744 5804">
     <span class='ocr_line' id='line_1_48' title="bbox 0 0 1744 5804; baseline 0 3"><span class='ocrx_word' id='word_1_482' title='bbox 0 0 1744 5804; x_wconf 95' lang='lat' dir='ltr'><strong> </strong></span> 
     </span>
    </p>
   </div>
  </div>
 </body>
</html>
