3480 5804
199 625 237 683 lis
258 616 370 681 saeculi
391 613 470 674 sexti
490 608 681 683 ineuntisque
698 603 827 680 septimi,
849 619 946 678 neque
960 599 991 657 id
1006 616 1107 676 perse
1122 599 1395 677 offenderedebet3
1417 622 1496 664 nam
1511 613 1545 663 ut

199 719 348 802 praetoris
369 713 493 775 maximi
514 708 596 787 apud
614 706 751 777 Latinos,
772 704 815 762 ita
835 701 1001 784 στρατηγοῦ
1013 691 1123 758 iubeo
1145 703 1324 765 vombulnm
1337 704 1427 784 apud
1443 702 1546 766 Grec·

200 842 252 885 coe
274 821 327 881 illa
347 822 444 877 aetate
464 812 553 889 plane
573 809 746 868 exoleverat
767 804 877 880 quique
898 820 934 861 eo
955 801 1095 860 utebatur
1116 821 1177 862 non
1197 803 1303 865 doctus
1319 807 1403 867 inter
1418 806 1543 877 doctos,

200 925 255 985 sed
280 920 474 998 magistratus
500 908 724 987 magistratibus
750 904 899 974 scribens,
927 901 1092 961 credendus
1113 910 1241 963 estnon
1263 916 1324 965 tam
1345 907 1543 983 antiquatam

200 1025 282 1084 verbi
304 1015 553 1099 significationem
573 1008 750 1069 resuscitare
765 1005 900 1064 voluisse
921 1021 1010 1078 qnam
1032 1004 1090 1062 hoc
1109 1003 1208 1063 dicere
1220 1014 1393 1083 praetorem
1407 1024 1447 1067 se
1461 1024 1542 1081 esse,

201 1125 254 1185 aed
280 1119 452 1200 primarium
479 1122 509 1174 et
534 1128 626 1187 supra
650 1107 783 1183 reliquos
804 1114 958 1181 praetores
980 1104 1168 1163 eminentem.
1210 1104 1298 1179 Quae
1319 1106 1427 1185 opinio
1450 1126 1544 1186 prae·

200 1237 282 1285 terea
307 1239 343 1280 eo
369 1213 608 1284 commendatur,
636 1207 717 1286 quod
738 1206 818 1265 idem
839 1203 975 1263 Fannius
998 1205 1028 1262 iu
1050 1204 1181 1280 epistula
1201 1207 1322 1282 publice
1342 1208 1407 1267 alis
1429 1209 1542 1269 eodem

200 1344 278 1386 anno
300 1323 413 1398 scripta
434 1315 603 1394 appellatur
623 1296 859 1394 ἇρχοστροιτηγίο
869 1305 908 1380 ¹).
947 1305 1014 1363 Iam
1033 1305 1085 1363 ubi
1106 1306 1372 1384 circumspicimus,
1393 1311 1453 1386 qui
1476 1310 1544 1369 neri

199 1425 339 1504 potuerit,
362 1431 395 1479 ut
416 1416 451 1478 Ο.
467 1415 603 1476 Fannius
625 1420 745 1488 praetor
766 1408 861 1466 Asiae
882 1426 909 1464 a.
927 1406 986 1465 705
1009 1424 1102 1482 supra
1121 1407 1257 1483 reliquos
1278 1417 1440 1484 praetores
1465 1410 1542 1469 emi·

198 1536 297 1596 neret,
324 1523 426 1582 statim
452 1514 599 1577 succurrit
625 1511 783 1570 notissima
807 1508 919 1567 liberae
940 1508 985 1565 rei
1006 1507 1142 1583 publicae
1163 1509 1349 1567 consuetudo
1370 1510 1543 1587 praetoriis

200 1623 380 1704 quibusdam
405 1617 590 1698 provinciam
616 1611 788 1690 regentibus
812 1609 879 1667 iura
906 1617 936 1666 st
961 1607 1093 1683 insignia
1118 1608 1344 1683 proconsularia
1371 1610 1542 1684 tribuendi,

200 1728 238 1787 de
265 1744 326 1802 qua
351 1730 422 1799 poet
448 1720 524 1778 alios
550 1716 598 1793 egi
624 1713 663 1771 ad
684 1712 714 1783 Ι,
730 1711 804 1781 641;
832 1709 913 1785 quod
941 1709 1100 1783 quominus
1121 1709 1212 1767 etiam
1233 1708 1351 1768 Fannio
1373 1712 1545 1791 eontigerit

199 1845 254 1903 per
275 1821 452 1882 difficillima
471 1820 516 1876 rei
536 1815 673 1893 publicae
694 1822 831 1888 tempore
844 1811 951 1869 Asiam
972 1811 1097 1886 regenti,
1119 1809 1242 1869 dubium
1263 1828 1331 1870 esse
1345 1813 1400 1871 vix
1421 1822 1541 1889 potest.

201 1929 244 1985 At
264 1925 291 1984 is
307 1921 416 1983 Fannii
437 1921 533 1978 honor
553 1913 705 1992 quomodo
726 1911 874 1970 enuntiari
895 1911 1034 1986 potuerit,
1057 1911 1156 1970 minus
1176 1910 1266 1970 facile
1280 1919 1328 1970 est
1342 1912 1444 1984 dictn;
1468 1931 1541 1973 nam

201 2044 263 2084 non
291 2032 324 2082 ut
349 2021 457 2097 reliqui
484 2028 554 2094 post
572 2024 743 2093 praeturam
764 2013 794 2070 iu
817 2012 890 2070 urbe
912 2020 1010 2069 actam
1031 2030 1087 2087 pro
1108 2011 1231 2070 consule
1252 2012 1427 2090 provinciae
1449 2031 1543 2091 prae·

202 2134 277 2196 erat,
298 2123 352 2182 sed
373 2128 510 2198 praeerat
529 2119 558 2176 ei
580 2118 611 2175 in
632 2116 699 2192 ipsa
719 2122 860 2190 praetura
881 2111 1081 2190 iungebatque
1103 2130 1172 2170 cum
1190 2112 1357 2171 honoribus
1372 2124 1542 2190 praeturae

202 2229 334 2286 honores
366 2219 606 2299 proconsulatus.
656 2214 763 2274 Potuit
794 2224 873 2273 recte
905 2212 1052 2289 appellari
1082 2223 1201 2287 praetor
1228 2232 1284 2289 pro
1310 2212 1474 2291 οοιιιιιῑιῖ)
1503 2215 1543 2274 ud

205 2325 376 2402 exemplum
408 2324 568 2399 quaestoris
591 2335 648 2395 pro
674 2327 821 2391 praenota
855 2313 908 2371 sed
936 2314 1053 2371 videtur
1080 2313 1168 2372 aliter
1195 2332 1258 2372 rem
1288 2314 1484 2374 ordinavisse
1513 2326 1544 2375 et

203 2426 311 2485 Latine
332 2425 453 2501 quidem
474 2419 657 2480 continuisse
679 2434 712 2475 ee
733 2418 814 2474 intra
834 2413 946 2472 nudum
967 2414 1088 2472 titulum
1108 2415 1270 2490 praetoris,
1293 2412 1413 2474 Graece
1436 2426 1544 2475 antem

204 2527 318 2586 dixisse
340 2542 372 2584 se
394 2517 555 2606 στρατηγδυ
576 2512 684 2577 ὕπατον
706 2518 770 2576 eive
792 2504 1040 2597 ἆρχιπρατηγόν,
1061 2514 1093 2573 id
1114 2523 1160 2574 est
1180 2523 1347 2591 praetorem
1368 2517 1543 2576 maximnm

204 2628 269 2687 sive
295 2627 484 2701 primarium,
513 2638 619 2698 nempe
645 2619 805 2678 habentem
829 2616 928 2674 fasces
955 2615 1119 2675 duodecim.
1169 2614 1280 2674 Iulium
1307 2614 1420 2676 Gaium
1452 2618 1543 2679 illum

204 2728 268 2787 sive
289 2743 349 2801 quo
370 2725 432 2783 alio
452 2722 572 2782 nomine
592 2721 657 2793 init,
679 2718 733 2795 qui
754 2717 856 2794 paullo
877 2726 948 2792 post
971 2714 1103 2774 Caesare
1124 2716 1268 2775 dictatore
1289 2718 1383 2777 Asiae
1405 2719 1545 2794 praefuit

205 2819 366 2909 στρατηγὸς
387 2815 507 2888 ὕπατοι,
529 2821 602 2880 nihil
622 2819 756 2896 impedit,
777 2818 937 2894 quominus
958 2817 1029 2874 item
1050 2823 1218 2875 statuamus
1241 2835 1276 2876 eo
1297 2818 1392 2878 ivisse
1412 2819 1447 2877 in
1470 2820 1544 2899 ipso

205 2934 363 3003 praeturae
384 2941 463 2982 anno
485 2924 552 2981 iura
572 2922 730 2980 habentem
751 2917 950 2994 proconsulis,
972 2936 1041 2976 cum
1063 2919 1239 2995 praesertim
1260 2936 1453 2997 nequaquam
1478 2941 1546 2983 eer-

205 3035 271 3084 tum
298 3025 339 3083 sit
360 3021 522 3083 Caesarem
548 3022 721 3080 dictatorem
743 3020 839 3095 legem
861 3018 898 3076 de
920 3018 1041 3077 biennio
1064 3029 1221 3094 praeturae
1242 3021 1320 3078 inter
1341 3021 1449 3081 urbem
1472 3042 1546 3102 pro·

207 3125 397 3201 vinciamque
419 3120 624 3181 distribuendo
646 3119 845 3196 aequabiliter
866 3119 1053 3177 observasse.

315 3533 386 3593 ΧΠ.
430 3528 663 3591 stLuors
684 3529 742 3589 Dii
764 3524 993 3589 PISONIBVS
1015 3527 1071 3587 ΕΤ
1093 3525 1266 3590 CRASSIS
1288 3528 1433 3592 FRVGI.

291 3688 342 3747 Ad
370 3706 408 3745 ea
433 3703 510 3762 quae
538 3701 630 3760 supra
657 3701 687 3759 p.
711 3684 768 3742 143
787 3701 851 3758 seq.
886 3682 1014 3758 exposui
1044 3682 1081 3741 de
1109 3680 1283 3759 calpurniis
1313 3684 1483 3747 Pisonibue
1514 3702 1547 3749 et

208 3787 331 3847 Crassis
353 3785 448 3861 Frugi
474 3792 667 3842 accreverunt
691 3782 838 3857 quaedam
865 3801 932 3840 curn
959 3800 998 3841 ex
1020 3799 1087 3839 mea
1107 3781 1235 3841 lectione
1256 3794 1318 3842 tum
1341 3803 1380 3844 ex
1401 3785 1545 3848 admoni-

207 3886 340 3946 tionibus
354 3883 495 3944 Richardi
510 3879 651 3940 Schoenii
673 3881 731 3940 mei
752 3880 941 3957 aliorumque
962 3881 1136 3953 amicorum,
1158 3900 1236 3958 qnae
1257 3903 1295 3941 ne
1315 3885 1428 3964 pagina
1442 3897 1545 3962 vacet,

208 3989 257 4044 hic
278 3986 396 4044 adicere
417 3981 539 4058 placuit.
912 4020 917 4027 .

293 4083 416 4143 Titulus
441 4081 574 4139 urbanus
602 4087 674 4156 post
700 4079 776 4139 alios
797 4079 911 4139 relatus
933 4080 1014 4157 apud
1036 4080 1183 4140 Orellium
1207 4102 1235 4141 n.
1252 4083 1347 4143 3689:
1376 4085 1408 4143 nr·
1428 4092 1544 4149 messias·

209 4182 296 4242 XIX
308 4186 401 4260 positi
421 4193 488 4242 sunt
508 4181 544 4239 ab
560 4179 747 4239 Scriboniano
769 4189 795 4239 st
815 4179 919 4239 Pisone
942 4181 1034 4256 dluqi
1055 4200 1088 4240 ec
1108 4182 1290 4258 deputatione
1310 4183 1341 4242 T.
1358 4185 1451 4246 Flaui
1470 4186 1542 4247 Ves-

288 4492 312 4555 ¹)
340 4491 465 4557 Iosephus
480 4491 523 4553 15,
539 4493 582 4554 10,
598 4491 644 4541 1³:
663 4487 742 4546 Τῖτος
754 4480 866 4555 ‘Ausees
884 4481 964 4539 'l's'reu
981 4476 1158 4552 alienatore
1175 4482 1328 4560 ιιρισβιντῆς
1344 4490 1386 4543 sal
1403 4484 1542 4564 ἅντιστρί.

209 4597 282 4648 τηγις
299 4575 425 4649 ’Boreios
443 4570 558 4652 ἄρχουσι
577 4578 665 4651 βουλῇ
680 4570 747 4648 δήμῳ
765 4575 877 4651 χαίριιν.
909 4578 1012 4631 Deinde
1031 4581 1066 4630 lbi
1079 4587 1118 4631 est
1130 4582 1181 4632 sic:
1200 4573 1268 4651 περὶ
1286 4577 1381 4633 berieu
1398 4580 1444 4633 τοῦ
1457 4574 1541 4657 ἆρχι·

211 4668 351 4738 στρατηγοιῖ
366 4690 389 4722 κ.
398 4689 421 4722 τ.
431 4672 458 4721 λ.
500 4672 654 4722 Duebnerus
673 4671 742 4736 qnod
760 4671 851 4732 edidit,
870 4685 904 4721 ex
922 4673 1070 4722 conlectura
1087 4678 1116 4721 nt
1133 4671 1243 4734 videtur,
1262 4663 1455 4743 ἀντιστρατήγου
1472 4675 1543 4728 ferri

208 4778 263 4814 non
281 4777 357 4828 posse
375 4770 444 4813 reete
462 4762 550 4813 docuit
567 4761 758 4826 Wsddlugtom
777 4761 889 4826 epistula
906 4763 976 4812 enim
994 4763 1089 4827 scripta
1106 4769 1146 4813 est
1163 4778 1252 4813 mense
1270 4763 1378 4815 Octobri
1396 4778 1420 4815 s.
1436 4764 1500 4816 too.

285 4848 311 4914 ⁸)
339 4850 449 4904 Praetor
461 4868 513 4920 pro
532 4851 632 4903 consuls
657 4852 701 4918 qul
725 4853 855 4903 iuvenitur
877 4853 905 4903 in
926 4853 1007 4903 titulis
1031 4853 1077 4904 etsi
1096 4854 1159 4904 item
1177 4867 1230 4904 uno
1248 4855 1339 4918 spiritu
1356 4853 1457 4905 videtur
1474 4854 1540 4907 cffu-

209 4943 305 4994 raudus
328 4957 396 5006 esse,
421 4958 475 4994 non
496 4944 625 5008 significat
646 4950 791 5007 praetorem
814 4942 957 5008 eodemque
980 4957 1049 4996 anno
1073 4944 1268 5008 proconsulem,
1293 4945 1339 4996 sed
1359 4945 1447 5011 priore
1465 4957 1539 4999 anno

209 5039 364 5097 praetorem,
385 5035 527 5098 posteriore
544 5033 723 5098 proconsulem
742 5033 777 5094 (τ.
796 5034 830 5085 sd
848 5033 871 5097 1,
886 5034 958 5094 641).
