3480 5804
646 1316 1103 1429 ADDITAMENTA

494 1514 571 1596 AD
601 1515 850 1600 TABVLAS
881 1516 1254 1598 TRIVMPHALIIS

658 1666 730 1741 (vot.
746 1669 761 1725 1
782 1686 812 1744 p.
829 1666 899 1725 453.
916 1667 986 1726 456.
1003 1667 1088 1743 459).

781 1895 974 1904 -——·—-.-..-

861 2123 886 2179 1.

294 2251 409 2312 Saxum
437 2271 635 2311 marmoreum
661 2263 746 2331 parte
773 2256 925 2330 superiore
952 2273 1077 2326 corona,
1104 2255 1206 2330 paullo
1232 2254 1357 2312 inferius
1385 2255 1536 2331 astragalo

207 2363 360 2424 ornatum,
387 2354 467 2429 quod
487 2353 543 2411 tuit
563 2370 634 2428 pars
656 2372 797 2431 suprema
817 2363 988 2432 parastatae
1010 2355 1100 2432 primi
1121 2354 1290 2412 tabularum
1312 2354 1537 2430 triumphalium

208 2436 460 2533 Capitolium-um,
484 2452 625 2512 effossum
647 2472 674 2511 a
698 2456 726 2512 d.
746 2455 775 2512 V
796 2456 836 2514 id.
858 2457 957 2530 April.
980 2455 1051 2513 anni
1075 2454 1153 2512 1872
1176 2455 1207 2511 iu
1229 2455 1295 2512 foro
1316 2454 1454 2512 Romano
1476 2472 1535 2512 non

207 2554 296 2630 longe
318 2572 337 2611 u
357 2553 486 2612 basilica
506 2553 585 2612 Iulia
606 2572 712 2613 versus
735 2557 838 2614 aedem
861 2555 923 2613 divi
944 2555 1092 2615 Antonini
1114 2554 1259 2630 divaeque
1279 2555 1452 2613 Faustinae.

600 2692 1144 2751 nonnus-munsu-auxumam

619 2807 657 2848 ns
670 2821 677 2836 ·
690 2806 926 2850 euenturusruvs
938 2822 944 2835 ·
954 2809 972 2849 κ
981 2820 987 2834 ·
997 2807 1062 2849 nau

619 2895 1040 2952 ttttlltuaurts·s·uex·11

656 3008 683 3050 de
697 3009 856 3051 autumantibus
879 3031 992 3050 ......

205 3071 373 3150 Descripsi.

248 3172 297 3232 De
323 3173 483 3250 triumphis
510 3193 529 3231 a
548 3173 680 3232 Romulo
701 3174 797 3232 ductis
819 3174 855 3233 ef.
880 3172 1003 3234 Solinus
1028 3177 1055 3247 1,
1074 3175 1113 3233 20
1139 3177 1204 3253 p.9
1227 3176 1272 3234 ed.
1295 3176 1351 3234 M.:
1382 3176 1454 3233 idem
1474 3175 1534 3233 Ro·

204 3275 299 3333 malus
319 3277 451 3351 reputavit
470 3292 559 3332 annos
581 3283 684 3350 septem
706 3284 731 3333 et
751 3279 877 3350 trt'qinta.
921 3276 956 3333 cto
973 3276 1192 3335 (inminentibus
1214 3279 1271 3350 epit
1287 3274 1415 3351 primm
1436 3278 1534 3332 mant·

200 3373 291 3450 plum
312 3384 340 3432 et
352 3372 463 3433 Aorom'
481 3379 544 3451 repe·
564 3393 659 3434 eorum
680 3377 805 3433 detrusit
824 3376 920 3450 spolia
941 3393 1015 3450 quae
1028 3376 1094 3432 Iovi
1109 3376 1234 3434 Feretrio
1252 3377 1366 3449 primus
1385 3375 1535 3449 suspendit

205 3482 233 3532 et
253 3476 348 3549 opima
369 3475 449 3534 distr.
491 3494 606 3534 rursum
625 3477 660 3532 de
679 3472 895 3533 Antemnatibus
917 3475 1113 3551 triumphavit,
1136 3477 1171 3532 de
1191 3474 1352 3535 Veientibus
1374 3477 1468 3543 terti03
1496 3473 1533 3531 de

205 3574 312 3651 spoliis
338 3575 446 3652 opimis
472 3576 540 3634 Iovi
562 3575 697 3635 Feretrio
726 3574 835 3634 oblatis
861 3576 974 3635 Festus
1001 3591 1025 3631 s.
1048 3593 1076 3631 v.
1103 3578 1198 3651 optma
1222 3595 1251 3652 p.
1271 3574 1396 3653 189Μ.,
1424 3571 1531 3630 Livius

208 3675 303 3748 1,10,
324 3674 405 3734 Plut.
418 3676 540 3735 Romul.
559 3677 611 3746 163
633 3677 670 3734 de
691 3675 841 3752 triumpho
862 3676 900 3734 do
909 3674 1084 3736 Veientibus
1098 3683 1165 3734 aeto
1179 3675 1220 3734 id.
1236 3673 1285 3732 25.
1303 3707 1341 3717 -
1365 3671 1532 3732 Caeninen-

205 3792 255 3835 ses
277 3776 315 3834 ob
336 3784 439 3853 raptas
455 3773 583 3836 Sabinas
606 3777 719 3835 bellum
732 3776 878 3835 Romanis
898 3777 1037 3836 intulisse
1057 3785 1205 3847 narratur,
1226 3783 1329 3851 raptas
1349 3781 1448 3833 autem
1463 3790 1531 3834 esse

205 3874 261 3935 has
283 3873 501 3949 Consualibus,
530 3895 607 3954 quae
629 3897 655 3935 a.
676 3877 704 3936 d.
724 3878 786 3936 XII
807 3879 837 3936 k.
859 3875 942 3955 Sept.
964 3886 994 3935 et
1014 3897 1042 3935 a.
1062 3879 1091 3936 d.
1106 3876 1220 3936 XVIII
1240 3877 1270 3934 k.
1294 3876 1359 3935 Ian.
1381 3875 1531 3935 celebrata
1603 3910 1610 3925 ·

204 3991 273 4034 esse
294 3983 414 4036 constat
434 3977 486 4052 (of.
509 3977 524 4034 I
544 3998 574 4055 p.
592 3979 652 4037 400
666 3986 697 4036 et
711 3978 795 4053 408).
838 3978 944 4054 Itaque
965 3997 1034 4037 cum
1059 3978 1242 4054 triumphum
1263 3977 1410 4036 Romulus
1431 3977 1531 4054 egisse

203 4076 320 4134 dicatur
343 4077 480 4137 kalendis
505 4078 637 4148 Martiis,
671 4076 876 4138 Caeninenses
902 4084 1001 4136 autem
1027 4078 1116 4155 primi
1141 4079 1219 4137 inter
1244 4079 1375 4152 populos
1400 4075 1529 4134 Latinos

203 4194 240 4235 ae
261 4177 364 4235 statim
385 4186 455 4254 post
474 4178 615 4237 mulieres
636 4185 738 4254 raptas
760 4196 845 4237 arma
864 4177 1007 4253 ceperint,
1028 4175 1231 4236 Consualibus
1251 4195 1354 4235 mense
1367 4173 1529 4234 Decembri

203 4276 363 4336 celebratis
391 4285 496 4352 raptus
518 4275 698 4337 Sabinarum
726 4277 899 4336 tribuendus
925 4292 995 4335 esse
1020 4275 1178 4346 videretur,
1203 4276 1262 4335 nisi
1289 4277 1422 4334 obstaret
1449 4270 1530 4349 quod

203 4376 310 4435 scribit
328 4375 509 4437 Plutarchus
530 4377 564 4454 (l.
580 4397 605 4436 o.
629 4378 696 4454 15):
723 4367 868 4446 ἐτολμήθη
894 4365 943 4444 μὲν
970 4362 1018 4433 οὖν
1043 4373 1059 4446 ἦ
1086 4370 1203 4457 ἁρπαγὴ
1229 4365 1290 4458 trapi
1318 4368 1366 4442 τὴν
1392 4368 1528 4428 inruunt·

203 4466 326 4546 δεκάτην
346 4467 447 4559 ἡμέραν
468 4479 520 4534 τοῦ
540 4469 603 4534 rein
618 4469 768 4558 Σεξτιλίου
789 4467 883 4546 tenvis,
902 4469 1073 4553 Αὐγούστου
1097 4462 1129 4533 δῖ
1150 4477 1209 4543 νῦν,
1229 4473 1257 4532 iv
1277 4462 1295 4550 ᾗ
1316 4466 1364 4538 τὴν
1378 4473 1433 4527 τῶν
1447 4474 1528 4525 Κων-

203 4568 312 4634 σαλῖων
331 4571 426 4658 ἑορτὴν
446 4565 583 4654 ἇνουσινς
605 4578 642 4636 of.
661 4578 683 4636 l.
699 4596 724 4636 c.
743 4578 794 4635 14:
816 4565 940 4659 τετάρτῳ
963 4564 995 4633 δὲ
1014 4566 1075 4644 μηνὶ
1095 4569 1168 4644 μετὰ
1181 4570 1231 4645 τὴν
1244 4566 1344 4639 κτίσιν,
1365 4566 1402 4629 oie
1416 4559 1529 4632 Φάβιος

202 4677 319 4760 ἱστορεῖ,
345 4672 376 4735 rei
405 4668 465 4761 περὶ
491 4672 541 4747 τὴν
566 4672 697 4761 ἁρπαγὴν
725 4667 870 4747 ἐτολμήθη
899 4678 953 4733 τῶν
979 4677 1131 4755 γυναικῶν.
1180 4673 1266 4749 Quae
1293 4690 1359 4731 cum
1386 4671 1431 4728 ita
1458 4667 1529 4737 sint,

201 4779 370 4856 triumphus
391 4779 505 4856 primus
519 4778 641 4838 Romuli
661 4779 730 4838 ideo
750 4778 880 4837 fortasse
900 4775 1039 4836 kalendis
1053 4773 1170 4834 Martiis
1190 4780 1291 4851 potest
1306 4771 1435 4830 tributus
1449 4783 1529 4836 esse,

196 4879 286 4956 quod
312 4881 425 4939 mensis
446 4880 575 4940 Martius
595 4879 683 4938 Marti
704 4879 783 4956 patri
804 4895 890 4936 saoer
909 4884 974 4936 erat
993 4875 1190 4951 kalendisque
1209 4871 1328 4934 Martiis
1349 4868 1459 4944 natalia
1481 4865 1529 4926 dei

201 4980 422 5052 celebrabatur3
444 4980 482 5040 of.
503 4981 520 5040 I
541 4997 570 5057 p.
587 4979 658 5040 387.

764 5136 968 5155 ι*-
987 5150 989 5154 .
