3480 5804
311 483 384 554 290
882 495 1063 548 uornrsau

311 675 344 732 In
365 672 445 732 bello
467 669 589 728 Persico
616 685 692 743 quas
715 673 816 743 partes
837 667 981 726 Thisbaei
1003 669 1096 726 secuti
1124 668 1184 726 sint
1204 669 1334 745 quidque
1361 687 1416 745 per
1442 689 1479 729 ea
1504 680 1639 746 tempora

309 783 339 833 et
360 780 483 849 propter
504 790 540 829 ea
560 769 706 847 perpessi,
728 768 788 825 iarn
811 788 849 827 ex
872 779 993 828 senatus
1015 770 1152 828 consulto
1174 788 1210 826 eo
1232 770 1269 827 de
1291 788 1350 845 quo
1372 771 1490 847 agimus
1505 772 1637 831 luculen-

308 886 353 934 ter
374 880 507 951 apparet,
530 890 589 947 quo
605 888 682 945 quae
698 869 864 941 traduntur,
888 889 954 928 eum
969 871 1018 928 bic
1039 872 1071 928 in
1086 870 1184 928 media
1202 868 1268 928 luce
1283 871 1453 948 Polybiane
1475 891 1638 945 versemur,

308 977 449 1036 facillime
472 984 501 1030 et
521 972 696 1047 planissime
718 970 756 1028 ad
778 971 948 1029 universum
967 990 1065 1030 rerum
1088 981 1241 1050 gestarum
1263 972 1397 1030 ordinem
1419 973 1617 1049 applicantur.

387 1076 506 1134 Bellum
526 1073 681 1130 Persicum
702 1073 801 1146 eoepit
822 1091 840 1129 a
862 1072 984 1131 Boeotis
1009 1073 1141 1149 antiquis
1161 1073 1256 1149 partis
1277 1074 1488 1133 Macedonicae
1510 1082 1637 1133 sectato·

307 1179 391 1236 ribus
412 1185 441 1233 et
460 1174 696 1232 aRomanorum
717 1174 859 1231 societate
880 1174 988 1232 infesto
1009 1192 1112 1231 eorum
1134 1174 1204 1231 odio
1224 1175 1346 1234 aversis.
1380 1173 1456 1234 Cum
1477 1175 1638 1234 amicitiam

308 1278 452 1336 Romanis
474 1275 672 1351 suspiciosam
694 1273 801 1332 Boeoti
828 1293 896 1331 cum
922 1293 992 1352 rege
1013 1275 1127 1333 Perseo
1152 1274 1305 1346 fecissent,
1333 1275 1461 1334 Romani
1487 1277 1577 1354 legati
1600 1277 1638 1336 ob

307 1398 373 1439 eam
389 1395 512 1437 causam
530 1378 561 1434 in
577 1374 734 1433 Graeciam
750 1375 835 1432 missi
855 1375 962 1434 callide
977 1385 1163 1453 negaverunt
1176 1394 1210 1435 se
1229 1377 1265 1434 de
1279 1394 1315 1434 ea
1328 1396 1361 1435 re
1375 1395 1441 1435 cum
1456 1377 1638 1435 Boeotorum

307 1481 434 1538 concilio
448 1486 629 1537 tractaturos
644 1494 720 1547 esse,
736 1484 769 1532 ut
783 1476 821 1533 ad
837 1476 972 1552 singulos
988 1476 1118 1552 populos
1133 1496 1169 1535 ea
1183 1495 1231 1535 res
1244 1478 1449 1553 reiceretur1).
1475 1476 1545 1551 Quo
1559 1477 1638 1536 facto

307 1598 374 1639 cum
395 1590 426 1639 et
446 1578 581 1638 Thebani
605 1585 635 1634 et
656 1576 859 1652 Thespienses
874 1576 969 1634 etalii
984 1577 1105 1652 plurimi
1121 1577 1265 1637 Boeotiae
1278 1579 1384 1655 populi
1398 1578 1551 1638 Romanas
1569 1597 1637 1655 par·

307 1691 352 1740 tes
373 1681 629 1758 amplecterentur,
652 1685 712 1735 tres
731 1677 762 1734 in
777 1677 856 1754 regis
871 1677 1065 1738 Macedoniae
1087 1679 1221 1737 amicitia
1233 1690 1467 1756 permanserunt.
1503 1670 1635 1762 nepertia,

307 1783 453 1859 Polybius
480 1781 522 1838 ait
549 1778 597 1849 27,
621 1780 657 1849 5,
690 1769 905 1841 πονὲανίαενοο
929 1769 969 1834 ἔτι
998 1773 1076 1859 τινας
1100 1781 1157 1835 τῶν
1181 1777 1210 1835 ἐν
1232 1782 1266 1856 τῇ
1286 1773 1403 1851 Βοιωτίᾳ
1424 1771 1530 1837 πολεων
1551 1772 1632 1836 ‹ivri-

307 1880 427 1962 χεπὲαι
449 1883 499 1950 τῆς
520 1875 588 1962 apic
605 1873 690 1934 cce'rdv
712 1869 819 1935 εὐνοίας
833 1870 992 1954 Ἀντίγονον
1013 1870 1198 1959 ἐξαπέστειλε
1221 1873 1267 1935 οόν
1280 1871 1472 1960 Ἀλεξάνδρον
1488 1871 1630 1961 προπβον·

306 1977 367 2053 τήν,
392 1972 425 2040 de
453 1972 500 2038 uui
527 1969 755 2062 παραγενόμενος
781 1977 820 2036 εἷς
845 1973 981 2039 Baeturia
1006 1973 1060 2039 τας
1086 1967 1134 2039 olo
1160 1968 1256 2038 ἄλλος
1279 1969 1376 2039 πόλεις
1400 1981 1509 2061 παρῆκε
1531 1974 1579 2037 διὰ
1601 1974 1632 2036 rd

306 2076 442 2154 μηδεμίαν
474 2072 603 2164 α’φοξμῆν
635 2069 797 2144 λαμβάνειν
829 2078 991 2149 ἐπιπλοκῆς,
1023 2079 1062 2139 aie
1093 2067 1123 2135 di
1149 2069 1305 2163 Κορώνειαν
1331 2069 1380 2135 arai
1407 2071 1515 2149 Calliae
1542 2071 1580 2136 ἔτι
1608 2073 1633 2136 δ’

304 2177 450 2267 ιΑλνάρνον
484 2176 627 2239 εἶπελὲνῖν
657 2169 834 2260 nuperrima
861 2175 929 2237 rotie
954 2170 1129 2262 civSpairroue
1154 2170 1340 2254 οἷνπῖχοπὸαο
1367 2182 1418 2249 τῆς
1442 2175 1511 2263 apic
1539 2184 1633 2237 Μακε-

306 2277 391 2345 δόνας
417 2277 537 2341 εὐνοίας·
563 2284 619 2339 τοῖν
650 2268 680 2337 δὲ
710 2273 868 2363 προθύμως
894 2271 1117 2356 ἀποδεχομένων
1141 2273 1179 2337 rri
1205 2271 1349 2355 ὶπγόμονα
1374 2270 1421 2337 uoti
1450 2273 1636 2363 προπβοντας

305 2377 517 2463 danamarchae
544 2375 661 2447 πέμπειν
687 2383 725 2442 εἷς
752 2373 930 2439 Μακεδονίαν
957 2368 1039 2439 οὗτος
1063 2368 1113 2448 μὲν
1140 2373 1315 2437 finiamus.
1359 2381 1396 2439 Iu
1423 2400 1483 2457 quo
1509 2381 1575 2439 loco
1604 2382 1634 2439 in

306 2489 404 2547 verbis
424 2506 500 2563 quae
522 2495 591 2543 sunt
611 2475 659 2540 aui
675 2474 780 2553 desidiae
801 2491 931 2540 erratum
953 2498 1020 2541 esse
1042 2480 1154 2539 dudum
1175 2480 1325 2540 intellexit
1339 2478 1547 2554 Casuubouus,
1568 2501 1634 2541 curn

308 2591 407 2649 statim
430 2588 521 2646 addat
548 2594 651 2643 auctor
677 2585 795 2644 easdem
825 2582 960 2640 civitates
985 2581 1170 2658 praesidium
1198 2581 1338 2657 petivisse
1363 2601 1382 2640 a
1407 2601 1493 2660 rege,
1520 2601 1579 2658 quo
1602 2600 1634 2640 se

308 2690 500 2749 defenderent
526 2706 544 2744 a
566 2686 718 2744 Thebanis
747 2704 782 2743 eo
808 2693 941 2760 tempore
964 2682 1091 2740 ducibus
1112 2683 1207 2757 partis
1229 2681 1382 2741 adversae.
1426 2683 1490 2741 Iam
1511 2692 1636 2760 apparet

305 2793 396 2850 rerba
415 2791 467 2847 illa
488 2807 547 2847 non
569 2787 696 2846 delenda
716 2803 792 2857 esse,
814 2785 844 2843 id
865 2783 945 2860 quod
966 2783 1078 2860 placuit
1092 2781 1284 2853 casaubono,
1305 2783 1359 2841 scd
1373 2783 1533 2860 Polybium
1556 2792 1635 2842 reete

305 2893 534 2968 coniungentem
558 2891 694 2947 civitates
717 2886 793 2945 duas
822 2885 964 2943 finitimas
988 2884 1031 2960 (p.
1046 2883 1106 2942 289
1129 2903 1158 2942 n.
1176 2883 1210 2959 3)
1232 2875 1457 2958 scripsissem)
1477 2875 1635 2967 Κορώνειαν

304 2983 352 3049 καὶ
384 2984 509 3055 offla-⁴.
556 2988 634 3047 Nam
666 3005 762 3061 neque
789 2985 923 3044 Thisbae
956 2985 994 3043 ab
1026 3003 1061 3042 eo
1094 2985 1181 3042 tacito
1212 2985 1367 3058 praeteriri
1397 2994 1570 3059 potuerunt,
1605 2996 1635 3043 et

305 3093 445 3151 facillime
467 3091 545 3147 inter
569 3107 600 3146 se
623 3095 828 3163 permutantur
849 3088 965 3145 litterae
993 3101 1022 3145 rc
1048 3091 1078 3142 et
1099 3098 1141 3142 rc·
1187 3081 1247 3143 Sed
1274 3102 1357 3142 error
1383 3091 1431 3142 est
1457 3085 1634 3160 antiquissi-

305 3211 382 3263 mus,
403 3210 469 3249 curn
493 3191 590 3264 ipsum
613 3188 732 3246 Livium
758 3188 907 3262 deceperit
929 3186 974 3245 sic
994 3185 1048 3242 illa
1068 3184 1240 3241 reddentem
1262 3184 1318 3256 42,
1346 3184 1402 3257 46,
1431 3186 1462 3242 7:
1495 3186 1634 3245 Boeotiae

304 3313 414 3371 quoque
436 3295 561 3350 ciuitates
583 3290 688 3367 (legati
711 3289 827 3363 Persei)
850 3299 877 3347 et
897 3287 1005 3344 ihebaa
1025 3295 1051 3343 et
1076 3283 1232 3343 Coroneam
1253 3296 1280 3343 et
1297 3284 1470 3365 Haliartum
1490 3290 1634 3358 odierant,

303 3396 405 3471 quibua
426 3411 586 3468 expressam
613 3395 709 3449 inritis
731 3391 958 3460 existimabatur,
984 3396 1017 3445 ut
1041 3385 1141 3444 relicta
1161 3389 1244 3461 reyiu
1267 3389 1401 3445 societate
1421 3386 1559 3446 Botaaaia
1580 3390 1633 3447 od·

303 3500 493 3572 inhaereatur.
541 3493 666 3550 Thebani
687 3490 760 3546 nihil
780 3492 849 3546 moti
869 3499 944 3557 aaut,
972 3505 1144 3562 quamquam
1163 3488 1294 3545 nonnihil
1315 3497 1343 3545 ot
1363 3491 1506 3546 damnatis
1523 3493 1631 3565 priari-

300 3598 385 3672 ptius
408 3607 433 3654 et
453 3597 589 3651 restitutis
611 3591 738 3649 exulibus
760 3588 959 3648 succensebant
978 3588 1126 3645 Romania.
1164 3584 1305 3645 Coronaei
1325 3597 1352 3646 et
1366 3588 1513 3647 Haliartii
1526 3591 1634 3663 sorore

303 3700 426 3774 quodam
453 3699 537 3753 insito
564 3697 594 3750 iu
620 3709 699 3766 rayca
728 3691 835 3765 lepatoa
862 3693 893 3746 iu
916 3689 1115 3745 Macedoniam
1141 3690 1278 3745 miseruut
1295 3690 1476 3762 praesidium
1497 3699 1633 3763 patentes,

303 3817 359 3875 quo
386 3816 416 3855 ae
442 3796 579 3853 adueraaa
606 3795 779 3866 irnpoteatem
806 3789 968 3864 superbiam
999 3788 1191 3845 Thebanorum
1219 3790 1293 3844 tueri
1315 3792 1433 3862 possint.
1478 3789 1515 3847 Id
1541 3789 1636 3867 igitur

303 3900 402 3973 ipsum
424 3895 504 3970 quod
525 3893 603 3970 apud
619 3890 778 3967 Polybium
800 3907 856 3947 nos
878 3888 1018 3965 legimus,
1039 3888 1128 3945 etiam
1143 3887 1249 3945 Livius
1269 3887 1351 3963 legit,
1372 3889 1454 3964 quod
1475 3907 1542 3948 cum
1564 3909 1633 3967 per-

304 4014 423 4055 versum
445 4012 513 4052 esse
535 3992 724 4068 perspiceret,
746 3997 779 4046 ut
800 3989 902 4064 aliquo
925 3988 1012 4045 modo
1034 4005 1100 4046 sese
1122 3988 1285 4063 expediret,
1312 3989 1514 4049 narrationem
1535 3991 1579 4048 ita
1599 4000 1635 4049 ut

304 4099 433 4158 vidimus
455 4095 630 4162 immutavit,
656 4107 728 4149 usus
750 4090 797 4148 vel
819 4089 920 4166 potius
943 4089 1056 4146 abusus
1077 4089 1115 4146 iis
1137 4107 1214 4163 quac
1235 4089 1273 4146 de
1294 4088 1507 4148 Thebanorum
1527 4091 1634 4150 factio·

302 4201 389 4261 nibus
411 4196 514 4276 paullo
535 4202 603 4252 ante
624 4200 815 4268 exposuerat.

383 4300 468 4358 Haec
489 4297 568 4353 facta
595 4301 665 4350 sunt
685 4292 782 4349 hieme
804 4309 830 4347 a.
853 4310 882 4348 u.
905 4308 929 4348 c.
953 4287 1056 4349 58213.
1099 4288 1216 4347 Bellum
1239 4289 1345 4348 deinde
1367 4308 1435 4349 eum
1457 4294 1633 4367 exarsisset,

304 4401 394 4461 classi
423 4397 592 4476 praefectus
621 4391 657 4451 C.
679 4386 845 4450 'Lucretius
873 4399 995 4467 praetor
1021 4407 1123 4448 mense
1149 4388 1236 4448 Iunio
1264 4390 1345 4464 (Liv.
1375 4390 1426 4463 42,
1453 4393 1503 4464 35,
1530 4394 1565 4469 3)
1593 4413 1633 4452 cx

304 4502 393 4561 Italia
421 4501 452 4557 in
477 4496 606 4555 insulam
634 4492 859 4570 Cephalleniam
885 4490 1037 4569 profectus
1064 4491 1133 4548 inde
1158 4490 1279 4548 fratrem
1307 4492 1441 4549 Marcum
1463 4511 1530 4552 eum
1551 4495 1633 4554 navi·

303 4604 358 4662 bus
374 4598 546 4661 Chalcidem
568 4595 658 4666 misit,
682 4593 758 4652 unde
780 4592 806 4650 is
828 4592 859 4649 in
880 4591 1037 4650 Boeotium
1060 4591 1214 4666 ingressus
1236 4592 1338 4667 copias
1352 4591 1524 4652 Haliartum
1546 4595 1634 4654 duxit

303 4704 342 4760 ad
368 4700 510 4779 oppidum
537 4695 778 4775 oppugnandum.
823 4692 895 4770 Ipse
920 4699 1040 4768 praetor
1068 4710 1134 4749 cum
1162 4710 1221 4749 una
1247 4692 1359 4750 triremi
1389 4692 1634 4772 a'Cephallenia

303 4803 438 4860 breviore
460 4801 510 4858 ria
530 4817 583 4874 per
605 4799 702 4856 sinum
725 4793 948 4856 Corinthiacum
973 4793 1003 4850 in
1026 4790 1182 4851 Boeotiam
1202 4792 1356 4869 ingressus
1379 4792 1523 4857 Creusam
1552 4797 1634 4857 venit

305 4983 506 4993 ——-——

382 5103 405 5161 ¹)
431 5103 485 5151 Lir.
500 5104 544 5163 tu,
562 5105 603 5163 12,
619 5103 643 5151 5.
664 5119 685 5152 c.
701 5104 745 5163 40,
760 5102 785 5152 d.
803 5118 825 5152 e.
844 5101 889 5151 43.
908 5101 951 5151 44.
977 5097 1069 5162 Polyb.
1085 5099 1128 5158 tt,
1144 5098 1169 5146 2.
