3480 5804
600 491 897 546 ossssvsmonns
914 490 1033 559 urica.
1052 491 1076 545 1.
1096 491 1135 543 11.
1482 471 1528 542 57

203 664 339 725 medicus
366 670 489 741 propter
515 663 713 722 medicamina
732 662 858 723 Caesari
883 662 1020 722 facienda
1041 680 1074 722 se
1095 664 1232 721 vinorum
1254 664 1451 724 Faleruorum
1472 665 1530 725 oel-

203 765 252 825 laa
276 764 487 842 imperatoriae
513 782 669 824 recensum
695 764 803 823 fecisse
823 764 911 823 lectis
933 764 1028 822 titulis
1049 763 1192 841 primum,
1219 773 1252 823 ut
1271 784 1327 842 par
1347 773 1412 824 erat
1433 765 1531 825 erudi·

203 873 269 925 tum
288 865 402 936 facere,
423 863 544 935 deinde,
569 875 604 924 ut
624 865 750 924 decebat
772 865 867 923 virum
889 864 1064 940 prudentem
1086 874 1116 923 et
1137 874 1266 939 cautum,
1289 886 1327 925 ne
1348 866 1427 924 tituli
1447 867 1532 926 falle·

202 974 283 1036 rant,
310 967 483 1043 gustatione
503 967 653 1038 instituta,
678 965 853 1039 videturque
875 983 935 1024 non
957 965 1021 1024 sine
1042 965 1152 1024 idonea
1172 984 1265 1024 causa
1290 976 1391 1026 sancte
1413 985 1532 1026 asseve-

202 1083 272 1126 rare
292 1067 407 1142 optima
427 1085 565 1144 quaeque
586 1066 783 1142 undecunque
804 1067 843 1124 ad
864 1066 1058 1141 imperatores
1072 1065 1181 1124 afferri.
1217 1066 1317 1126 Huius
1333 1068 1532 1143 expeditionis

204 1166 261 1226 atsi
287 1169 428 1226 comitem
449 1166 562 1227 Ursum
588 1167 683 1226 fuisse
707 1167 822 1225 nullum
847 1165 989 1224 indicium
1016 1175 1076 1238 est,
1106 1184 1166 1226 non
1192 1167 1293 1226 minus
1319 1177 1398 1226 recte
1419 1169 1533 1228 amicos

203 1265 308 1327 iubere
328 1268 427 1344 potuit
446 1274 574 1327 statuam
597 1267 654 1325 sibi
675 1266 785 1326 factam
806 1266 902 1324 hilare
923 1266 1074 1325 celebrare
1095 1267 1172 1326 vinis
1194 1287 1260 1325 cum
1282 1285 1390 1345 genere
1410 1268 1532 1346 optimis

204 1374 269 1427 turn
289 1367 475 1445 depromptis
496 1386 536 1428 ex
557 1368 635 1427 cella
655 1386 693 1426 ea
713 1384 792 1444 quae
813 1367 946 1425 omnium
966 1367 1176 1426 laudatissima
1196 1367 1262 1427 tuit

624 1753 665 1812 11.
708 1751 767 1811 DE
788 1749 920 1810 IVNIIS
943 1749 1119 1813 SILANIS.

289 1887 442 1947 Iuniornm
458 1885 629 1949 Silanorum
651 1888 757 1946 (lomus
778 1904 833 1962 per
853 1886 912 1945 duo
933 1886 1054 1946 saecula
1072 1887 1184 1946 liberae
1204 1886 1386 1965 reipublicae
1400 1897 1535 1951 extrema

206 1988 365 2064 splendida
391 1996 421 2046 et
446 1988 502 2047 sub
528 1988 760 2065 imperatoribus
781 1987 867 2045 Iuliis
889 2005 942 2064 per
963 1987 1140 2046 affluitatem
1162 2006 1229 2046 cum
1251 1989 1319 2065 ipss
1345 1988 1461 2048 familia
1480 1990 1534 2049 im·

205 2088 357 2166 peratoria
381 2088 470 2148 etiam
496 2089 594 2166 magis
620 2089 776 2147 nobilitata
800 2088 871 2147 licet
896 2095 1097 2147 enarraturam
1119 2097 1207 2147 nacta
1227 2089 1267 2147 sit
1288 2107 1435 2148 summum
1458 2090 1535 2150 Bor·
1622 2171 1633 2179 Δ

205 2188 343 2266 gbasium
363 2189 395 2247 iu
416 2189 628 2248 commentario
651 2188 736 2266 (opp.
758 2187 853 2247 voli
875 2206 904 2264 p.
924 2187 1100 2264 lar-tas)
1123 2188 1234 2264 scripto
1257 2207 1284 2247 a.
1303 2188 1397 2262 1849,
1424 2199 1535 2251 retrac-

206 2289 320 2349 tatione
340 2289 372 2347 id
392 2299 520 2348 stemma
533 2289 582 2348 vel
602 2289 731 2348 maxime
752 2288 874 2365 indiget,
896 2307 963 2346 cum
984 2289 1087 2347 neseio
1108 2306 1169 2364 qua
1189 2289 1244 2348 fati
1265 2289 1379 2349 invidia
1400 2310 1439 2349 ex
1460 2291 1536 2351 locis

206 2399 365 2450 auctorum
392 2389 563 2465 depravatis
589 2389 745 2465 titulisque
770 2388 849 2447 male
874 2388 958 2447 lectis
985 2388 1017 2446 in
1043 2390 1122 2446 hunc
1149 2388 1269 2464 quidem
1291 2392 1536 2451 commentarium

206 2489 328 2567 plurimi
353 2491 585 2568 gravissimique
605 2508 722 2548 errores
743 2507 776 2548 se
797 2489 1014 2547 insinuaverint
1035 2507 1095 2546 non
1116 2507 1220 2547 omnes
1242 2489 1339 2547 adhuc
1360 2491 1537 2568 deprehensi
1582 2547 1586 2560 ,

208 2590 387 2667 sublatique.
426 2589 506 2649 Nam
529 2591 566 2650 de
588 2588 701 2650 Silonis
723 2589 842 2666 quidem
864 2589 916 2665 qui
938 2588 1079 2648 vixerunt
1099 2598 1168 2647 anta
1189 2590 1359 2665 Augustum
1380 2591 1454 2666 quid
1475 2611 1536 2651 non

206 2700 288 2750 recte
301 2691 436 2767 posuerit
448 2689 647 2768 Borghesius‚
669 2691 744 2750 satis
766 2691 1004 2749 demonstratum
1025 2696 1071 2748 est
1091 2707 1157 2748 cum
1179 2688 1218 2747 ab
1239 2689 1307 2747 aliis
1328 2697 1390 2749 tum
1406 2691 1536 2751 maxima

208 2791 248 2851 ab
268 2791 388 2868 egregio
408 2791 637 2869 inscriptionum
655 2790 891 2850 Lebasianarum
913 2798 1084 2848 enarratore
1099 2788 1335 2868 Waddingtonio
1358 2792 1396 2849 ad
1417 2791 1536 2850 titulum

207 2890 396 2970 Mylasenum
417 2892 519 2951 asoa
542 2900 572 2951 et
592 2892 652 2950 iam
673 2893 704 2951 iu
727 2909 844 2950 summa
863 2911 896 2949 re
918 2890 948 2948 in
970 2890 1178 2949 adnotationes
1193 2899 1343 2966 receptum
1360 2891 1398 2949 ad
1412 2892 1536 2951 alteram

207 2990 407 3069 Borghesiani
428 2992 634 3051 commentarii
654 2992 816 3051 editionem
837 2991 978 3068 operibns
999 2992 1064 3050 eius
1082 2991 1224 3050 insertam
1244 2990 1391 3063 adiectam
1415 3001 1538 3069 atquae

207 3091 395 3153 emendanda
420 3093 481 3152 siut
505 3093 536 3151 in
557 3100 646 3170 >parte
674 3111 723 3163 ea,
751 3110 828 3168 quae
854 3100 970 3168 spectat
996 3091 1035 3150 ad
1062 3092 1235 3169 Augustum
1263 3092 1389 3167 eiusque
1417 3110 1538 3153 succes·

208 3208 310 3266 sores,
337 3212 405 3252 cum
429 3211 517 3252 nemo
544 3194 693 3265 docuerit,
714 3193 864 3252 communi
890 3193 1032 3269 opinione
1051 3203 1173 3268 recepta
1193 3193 1319 3251 redeunt
1340 3192 1437 3251 adhuc
1458 3193 1536 3269 apud

209 3310 328 3363 omnes,
355 3292 408 3369 qui
433 3302 570 3370 tempora
593 3313 630 3353 ea
656 3293 881 3353 illustraverunt
901 3302 1079 3352 auctoresve
1100 3311 1203 3350 eornm
1225 3300 1393 3370 temporum
1414 3292 1537 3352 aduota

208 3402 326 3464 rerunt,
346 3400 499 3470 umquam
521 3394 690 3454 certissima
714 3408 745 3453 et
765 3404 853 3454 extra
874 3412 991 3451 omnem
1012 3393 1226 3451 dubitationem
1247 3393 1356 3467 posita
1398 3389 1488 3464 Quod
1510 3394 1537 3451 si

208 3492 242 3552 iu
262 3493 340 3552 vivis
361 3502 444 3554 essct
462 3494 663 3571 Borghesius,
691 3496 757 3570 ipse
782 3494 894 3552 dudum
919 3494 1009 3552 telam
1031 3492 1226 3563 retexuisset3
1253 3491 1417 3549 eratenim
1439 3511 1478 3549 ex
1498 3492 1537 3551 iis

209 3593 263 3670 qui
283 3592 355 3653 dum
375 3594 480 3652 vivunt
499 3594 668 3653 addiscunt.
704 3594 769 3651 lam
791 3594 829 3652 ad
843 3612 898 3653 uos
915 3594 944 3652 id
959 3600 1083 3668 spectat,
1105 3611 1203 3669 nequa
1218 3610 1354 3650 veremur
1370 3590 1538 3651 convellere

209 3710 289 3771 quae
309 3694 422 3772 posuit;
451 3694 522 3752 novi
543 3695 622 3753 enim
643 3712 700 3771 ego
722 3695 818 3753 virum
840 3705 976 3754 sanetum
998 3703 1028 3754 et
1050 3694 1106 3752 boc
1127 3694 1189 3752 acio
1210 3692 1310 3770 ipsum
1330 3709 1385 3768 pro
1406 3691 1537 3770 ingenuo

210 3793 283 3865 veri,
304 3812 366 3852 non
384 3795 429 3853 sui
446 3794 546 3854 studio
559 3795 657 3872 magis
672 3796 847 3871 plausorem
861 3796 958 3855 fuisse
972 3795 1021 3868 iis,
1036 3795 1088 3872 qui
1103 3792 1304 3853 monumentis
1318 3800 1426 3869 postea
1438 3811 1537 3869 reper-

210 3893 251 3953 tis
265 3893 361 3953 edocti
375 3913 431 3955 sua
445 3894 645 3966 emendarent,
660 3915 749 3972 qnam
764 3897 816 3973 qui
831 3897 1037 3972 compilarent.
1075 3892 1136 3955 Sed
1150 3894 1187 3953 de
1202 3895 1269 3970 ipsa
1283 3914 1316 3952 re
1332 3893 1495 3952 videamus.

243 4008 249 4019 '
294 3994 375 4055 Tota
400 3996 537 4072 quaestio
564 3996 602 4055 ab
628 4015 663 4055 eo
687 3996 810 4072 pendet,
835 3997 956 4073 quinam
978 3996 1102 4055 maritus
1123 3995 1215 4054 fuerit
1235 3994 1383 4052 Aemiliae
1404 3992 1538 4070 Lepidae

209 4095 365 4175 proneptis
386 4096 516 4175 Augusti
542 4106 615 4155 natu
640 4098 805 4168 maximae,
832 4096 916 4156 cuins
942 4097 1071 4155 maiores
1098 4097 1286 4171 posterique,
1314 4112 1391 4171 quos
1417 4094 1537 4170 quidem

211 4196 301 4256 cartis
322 4204 354 4255 et
372 4196 548 4256 indubitatis
569 4207 724 4257 auctorum
745 4199 927 4257 testimoniis
949 4197 1075 4255 traditos
1096 4197 1270 4267 habeamus,
1291 4194 1323 4252 hi
1346 4203 1424 4254 sunt

811 4317 968 4393 Augustus

568 4482 610 4541 Μ.
632 4481 770 4559 Agrippa
792 4503 831 4532 υ
852 4483 933 4540 Iulia
951 4489 1023 4539 nata
1036 4498 1063 4538 a.
1077 4478 1146 4552 715,
1163 4487 1257 4554 napta
1270 4496 1298 4536 a.
1312 4475 1371 4534 733

326 4642 362 4704 L.
383 4646 531 4707 Aemilius
553 4646 687 4723 Lepidus
709 4668 748 4696 υ
770 4646 851 4705 Iulia
871 4652 942 4703 nats
962 4662 988 4703 e.
1010 4663 1037 4702 a.
1054 4642 1114 4702 tat

267 4728 704 4806 cos.a.u.c.754=p.0hr.l
775 4812 778 4817 Δ

561 4925 690 4944 ......
714 4905 753 4934 υ
775 4881 905 4942 Aemilia
925 4879 1042 4957 Lepida
1064 4887 1136 4937 nata
1157 4897 1183 4937 c.
1198 4896 1225 4937 a.
1243 4878 1300 4937 751

357 5098 398 5157 u.
422 5065 1298 5160 εἷῑὶιῑΓ-Ἳῖῑῖαηω

232 5190 321 5241 natus
342 5199 371 5241 a.
387 5181 447 5242 767
464 5207 502 5232 ·-
517 5202 547 5261 p.
560 5179 631 5243 Chr.
647 5182 686 5241 14
876 5196 1005 5257 sponsus
1027 5177 1172 5238 Octaviae
1194 5174 1315 5238 Claudii
1334 5175 1405 5255 imp.
1427 5175 1516 5236 tiliae.
