3480 5804
637 479 687 531 nn
704 479 916 536 PRAEFEcw
932 477 1113 532 nacrours.
1465 463 1535 535 103

210 651 372 729 praefectis
394 651 544 729 legionum
564 651 673 711 aetatis
693 652 841 728 sequioris
863 652 985 710 omnino
1006 651 1156 710 diversum
1179 669 1248 710 esse
1268 651 1460 710 manifestum
1481 660 1536 712 est.

214 751 353 811 Vitellius
380 761 479 811 autem
501 750 683 813 Saturninus
703 772 722 812 a
743 752 851 813 Tacito
872 761 1119 812 commemoratus
1140 761 1171 811 et
1190 752 1227 811 1..
1249 749 1402 810 Commius
1425 750 1537 813 Secun-

211 851 301 912 dinus
326 861 430 930 aperte
454 853 674 925 demonstrant,
700 853 850 929 quomodo
876 853 988 912 factum
1010 854 1062 925 sit,
1089 862 1123 912 ut
1143 871 1251 912 munus
1271 870 1379 911 nomen
1399 859 1536 913 mutaret

212 951 256 1012 Ut
283 954 362 1012 enim
390 955 421 1012 iu
449 954 603 1012 tribunatu
630 953 759 1013 militum
786 954 915 1031 legionis
943 954 1118 1031 saepissime
1146 954 1185 1012 ob
1212 955 1387 1014 brevitatem
1415 955 1538 1013 verbum

212 1054 331 1113 militum
357 1056 548 1115 omittebatur
575 1054 809 1132 simpliciterque
830 1055 968 1114 homines
989 1056 1173 1114 vocabantur
1194 1056 1305 1114 tribuni
1325 1055 1470 1132 legionis,
1495 1055 1561 1113 ita.

213 1154 245 1213 in
264 1155 426 1231 praefectis
447 1165 616 1215 castrorum
635 1155 763 1233 legionis
785 1156 907 1215 verbum
928 1167 1083 1216 carnorum
1105 1156 1327 1215 extrudebutur.
1368 1153 1459 1229 Quod
1480 1156 1539 1233 pri·

212 1273 295 1314 mum
322 1256 390 1315 sine
416 1255 507 1315 dubio
533 1257 564 1315 in
590 1274 646 1315 usu
667 1256 841 1333 quotidiano
861 1256 972 1316 iactum
993 1267 1040 1316 est
1061 1268 1091 1315 et
1112 1274 1248 1315 sermone
1270 1257 1368 1314 minus
1390 1265 1539 1328 accurato,

213 1355 300 1415 cuius
322 1357 366 1415 rei
387 1358 558 1435 exemplum
580 1366 650 1416 sunt
664 1357 762 1417 Taciti
782 1357 872 1416 verba
892 1374 985 1434 supra
1005 1358 1113 1429 adlata,
1136 1358 1242 1417 deinde
1264 1357 1386 1415 saeculo
1408 1356 1539 1416 secundo

214 1456 311 1534 magis
338 1458 479 1531 invaluit,
506 1467 539 1516 ut
564 1457 597 1516 in
618 1459 702 1535 ipsos
723 1458 826 1515 titulos
848 1459 1012 1534 inreperet;
1041 1456 1169 1518 Severus
1189 1458 1317 1533 denique
1345 1457 1449 1533 primis
1474 1475 1540 1515 sae·

213 1556 273 1615 culi
299 1557 379 1617 tertii
404 1560 492 1618 annis
516 1558 661 1635 praefecti
682 1566 850 1617 castrorum
871 1577 980 1617 nomen
1002 1559 1126 1618 sustulit
1144 1575 1311 1635 munusque
1328 1559 1541 1633 praefecturam

214 1658 334 1734 {optuma
360 1658 507 1736 appellari
533 1659 630 1718 iussit.
672 1658 709 1717 L.
732 1657 883 1735 Cirpinius
909 1670 1009 1719 utrum
1033 1660 1138 1719 codem
1164 1658 1254 1717 modo
1280 1676 1339 1735 quo
1362 1656 1540 1718 Saturninus

214 1767 246 1817 et
266 1756 453 1820 Secundiuus
478 1760 649 1837 praelectus
675 1759 803 1835 legionis
830 1760 928 1819 dictus
955 1761 1010 1833 sit,
1036 1779 1075 1817 an
1103 1758 1180 1818 alius
1202 1760 1320 1836 generis
1343 1760 1433 1818 fuerit
1453 1777 1540 1836 prae·

214 1860 311 1919 iectus
331 1860 614 1938 componendasque
635 1878 702 1919 cum
715 1859 751 1919 1..
766 1859 909 1925 Memmio
930 1861 1063 1920 eiusdem
1084 1860 1146 1919 sere
1167 1861 1273 1919 aetatis
1290 1860 1459 1936 homine¹)‚
1481 1878 1541 1919 non

213 1959 355 2021 diiudico.

296 2061 430 2123 Notitiae
456 2062 585 2138 denique
609 2061 801 2140 dignitatum,
830 2079 906 2137 quas
932 2062 1053 2122 saeculo
1079 2071 1187 2138 quarto
1213 2071 1342 2121 excunte
1367 2062 1416 2121 vel
1443 2060 1541 2137 quinti

214 2162 301 2223 initio
327 2162 410 2238 (ante
436 2181 464 2222 a.
479 2162 555 2238 408)
579 2164 765 2240 conscriptas
791 2179 859 2222 esse
885 2172 988 2221 notum
1015 2172 1076 2235 est,
1103 2163 1270 2240 praefectos
1295 2163 1447 2240 legionum
1468 2181 1542 2221 enu-

215 2271 332 2323 merant
351 2272 494 2341 quattuor
514 2282 606 2340 supra
627 2271 755 2334 centum,
776 2279 853 2339 quos
875 2281 979 2322 omnes
1000 2264 1057 2322 hoc
1078 2263 1145 2321 loco
1163 2282 1274 2338 ponere
1289 2280 1542 2341 supervacaneum

215 2365 312 2425 visum
336 2374 392 2425 est.
434 2364 484 2424 De
508 2364 576 2423 loco
601 2382 691 2440 quem
719 2363 838 2422 saeculo
863 2372 970 2440 quarto
997 2346 1126 2422 exeunte
1153 2364 1231 2422 inter
1258 2366 1375 2440 reliqua
1402 2364 1544 2423 militaria

214 2484 340 2525 munera
360 2466 561 2537 obtinuerunt,
582 2465 650 2524 inde
671 2464 824 2540 colligitur
843 2482 896 2523 eos
918 2464 1062 2541 dignitate
1084 2463 1255 2539 superiores
1273 2464 1368 2523 fuisse
1382 2465 1543 2540 praefectis

214 2567 351 2645 militum,
376 2584 576 2639 numerorum,
598 2566 741 2642 equitum,
762 2563 888 2636 alarum,
910 2565 1062 2636 classium,
1084 2564 1272 2640 tribunisque
1293 2566 1470 2637 cohortium,
1491 2565 1542 2641 qui

214 2668 248 2743 in
274 2667 401 2745 singulis
428 2667 649 2744 provinciarum
676 2665 829 2725 laterculis
858 2666 972 2742 passim
1000 2675 1286 2724 commemorentur:
1315 2683 1435 2742 semper
1462 2666 1543 2724 enim

215 2778 285 2829 ante
309 2787 362 2829 eos
388 2777 591 2841 recensentur,
617 2767 751 2845 exceptis
779 2766 884 2842 paucis
912 2766 977 2839 ubi,
1004 2774 1037 2824 ut
1061 2765 1094 2824 in
1117 2765 1206 2825 litere
1228 2762 1380 2824 Saronico
1401 2785 1456 2843 per
1475 2765 1543 2824 Bri·

215 2871 349 2931 tannium
370 2870 460 2946 (Occ.
481 2889 510 2948 p.
527 2868 594 2946 90),
615 2867 689 2927 ordo
711 2878 763 2928 aut
782 2867 926 2927 confusus
949 2875 1002 2925 aut
1022 2867 1061 2925 ob
1083 2867 1159 2924 alias
1180 2885 1287 2925 causas
1309 2868 1446 2926 inversus
1461 2866 1543 2927 vide-

214 2978 265 3031 tur
284 2988 361 3031 esse.
398 2969 474 3045 Cum
495 2980 596 3029 autem
614 2975 734 3051 praeter
755 2987 846 3028 unum
867 2968 1052 3046 praefectum
1072 2967 1201 3043 legionis
1214 2966 1276 3025 VII
1294 2968 1431 3044 geminae
1453 2966 1542 3041 (Occ.

215 3094 245 3152 p.
262 3070 337 3149 119)
358 3089 464 3131 omnes
485 3071 547 3130 sint
567 3071 623 3130 sub
644 3070 843 3147 dispositione
863 3070 995 3128 virorum
1018 3068 1226 3144 spectabilium
1247 3067 1371 3140 ducum,
1398 3067 1544 3145 dignitate

214 3194 269 3235 eos
289 3174 337 3233 his
357 3173 515 3233 inferiores
536 3172 632 3231 fuisse
652 3182 786 3248 apparet.
828 3170 941 3230 Errore
967 3171 1060 3246 igitur
1081 3170 1146 3228 sine
1167 3169 1257 3228 dubio
1272 3169 1417 3244 Vegetius
1439 3167 1483 3243 (2,
1498 3165 1543 3242 9),

215 3277 242 3336 si
263 3276 382 3354 quidem
403 3283 484 3333 recte
503 3273 591 3332 nobis
612 3274 704 3332 verba
724 3273 790 3331 eius
811 3272 922 3330 tradita
943 3278 1023 3343 sunt,
1048 3270 1215 3346 praefectos
1237 3269 1364 3344 legionis
1385 3269 1543 3327 comitivae

214 3378 304 3455 primi
324 3377 438 3436 ordinis
460 3375 634 3452 dignitatem
656 3373 799 3433 habuisse
819 3373 921 3442 refert,
943 3390 1004 3446 qua
1023 3370 1142 3446 quidem
1165 3389 1203 3428 ne
1225 3369 1317 3427 duces
1339 3369 1458 3445 quidem
1473 3387 1543 3445 pro·

215 3480 380 3539 vinciacum
401 3492 506 3535 omues
527 3475 626 3533 ornati
647 3473 771 3545 fuerint,
804 3473 858 3530 sed
879 3472 988 3531 summi
1008 3478 1132 3529 tantum.
1175 3469 1323 3528 Videntur
1344 3471 1436 3545 igitur
1456 3486 1542 3545 prae·

214 3581 286 3643 fecti
305 3579 458 3657 legionum
478 3576 614 3636 eiusdem
635 3574 707 3647 fere,
729 3573 813 3632 cuius
833 3573 986 3649 prioribus
1009 3570 1138 3631 saeculis
1159 3569 1315 3647 dignitatis
1336 3569 1440 3628 fuisse.

205 3746 210 3753 ,
297 3681 449 3741 Praesuut
473 3685 573 3736 autem
595 3676 684 3734 modo
705 3674 816 3751 legioni
837 3673 906 3746 toti,
933 3672 1022 3732 modo
1043 3672 1121 3748 parti
1143 3678 1274 3749 tantum,
1300 3670 1355 3729 toti
1377 3670 1404 3729 si
1424 3669 1542 3741 iisdem,

215 3782 295 3859 parti
309 3782 337 3842 si
350 3778 554 3856 compluribus
569 3778 677 3837 castris
692 3776 771 3852 legio
786 3776 926 3834 habetur:
941 3775 1042 3850 itaque
1057 3774 1114 3831 boc
1128 3791 1247 3849 quoque
1261 3782 1393 3848 tempore
1406 3790 1467 3831 non
1481 3779 1542 3859 tem

214 3893 314 3944 certae
327 3882 455 3941 militum
471 3878 572 3937 manui
585 3896 676 3954 quam
691 3878 780 3936 certis
794 3877 901 3936 castris
915 3883 1148 3952 praeponuntur,
1162 3894 1217 3934 nec
1231 3883 1291 3933 tam
1306 3891 1392 3932 suum
1405 3891 1543 3948 quaeque
1647 3928 1650 3933 .

214 3985 294 4064 legio
314 3981 498 4061 praelectum
519 3979 619 4051 habet,
640 3997 730 4054 quam
752 3996 839 4037 suum
861 3995 997 4054 quaeque
1017 3986 1126 4036 castra.
1161 3973 1243 4034 Num
1257 3974 1454 4033 auxiliaribus
1468 3991 1542 4049 quo·

184 4105 274 4162 ·que
301 4084 525 4160 equitibusque,
550 4080 604 4156 qui
629 4080 743 4157 passim
771 4080 879 4139 iisdem
905 4079 983 4138 locis
1011 4086 1294 4147 commemorantur,
1321 4073 1541 4150 imperaverint,

214 4187 379 4246 diiudicare
399 4202 461 4241 non
481 4181 594 4251 ausim3
616 4182 713 4258 magis
735 4188 834 4239 tamen
855 4179 1030 4238 crediderim
1052 4179 1169 4237 auxilia
1188 4178 1242 4236 illa
1262 4176 1385 4254 propria
1401 4174 1541 4233 babuisse

214 4294 316 4347 castra
335 4304 355 4343 a
373 4282 548 4362 legionariis
570 4282 706 4341 seiuncta
726 4281 923 4359 propriosque
939 4280 1138 4358 praepositos.
1173 4278 1210 4334 ln
1225 4276 1334 4334 tabulis
1348 4274 1427 4333 enim
1441 4272 1540 4349 pictis,

213 4406 294 4464 quae
320 4384 447 4462 singulis
475 4383 649 4442 notitiarum
674 4383 824 4460 capitibus
851 4381 1029 4451 adiciuntur,
1055 4377 1176 4454 saepius
1203 4377 1234 4434 in
1260 4375 1364 4434 eadem
1386 4371 1541 4448 provincia

214 4486 344 4549 dirersis
369 4486 444 4545 locis
469 4484 603 4544 eiusdem
630 4484 759 4543 nominis
786 4483 847 4541 duo
874 4482 999 4541 castella
1026 4480 1107 4556 picta
1132 4473 1374 4549 inveniunturt),
1403 4482 1436 4532 ut
1460 4478 1540 4530 recte

291 4746 316 4809 ¹)
344 4744 470 4797 Conferre
494 4745 570 4794 etiarn
593 4743 676 4808 possis
693 4739 849 4808 praesectum
866 4738 975 4803 equitum
988 4752 1039 4803 pro
1058 4735 1140 4803 [sputo
1159 4734 1250 4785 aetatis
1267 4735 1323 4784 iero
1341 4734 1474 4798 Augustae
1492 4730 1537 4782 Or.

117 4804 120 4809 ’
214 4839 296 4890 susc.

291 4925 316 4991 ²)
344 4928 407 4979 Not.
427 4928 519 4977 orient.
537 4941 562 4989 p.
577 4924 635 4975 sue
647 4930 714 4988 etg:
734 4921 904 4973 Constantina
922 4918 957 4979 (b.
978 4918 996 4967 d
1017 4917 1135 4978 Amida);
1157 4915 1282 4966 occident.
1302 4931 1327 4979 p.
1343 4916 1376 4965 88
1396 4913 1426 4973 (t.
1445 4927 1461 4961 o
1480 4912 1537 4963 Mu·

213 5019 326 5081 densis);
349 5020 386 5069 90
409 5017 609 5080 cTeutlborgio
631 5014 649 5065 k
668 5013 830 5065 Teutibsrtio
848 5009 1042 5073 (comptum),
1067 5010 1085 5059 d
1107 5009 1240 5072 Burgenae
1264 5032 1296 5043 -
1321 5023 1335 5057 r
1357 5000 1537 5068 Burgen[t]us;

216 5110 241 5170 (e
258 5126 285 5163 m
305 5108 420 5171 Curris);
440 5109 467 5169 <b
486 5109 496 5158 l
515 5106 657 5171 Cornum),
677 5106 700 5168 (i
717 5122 733 5170 p
752 5101 890 5162 Acimiuci)
911 5108 958 5152 cet.
