3480 5804
319 491 366 561 76
887 505 1069 558 nonnisau

314 785 366 835 EX
388 781 655 834 ADNOTATIONE
673 780 832 831 atatam
849 781 957 830 MANV
976 780 1029 829 AI)
1048 779 1187 832 001³va
1205 779 1351 830 EDITVM
1368 779 1645 834 Mazocmartvu

659 872 690 921 1³.
706 868 747 920 ll'
765 870 857 931 (COD.
876 872 961 920 VAT.
982 872 1064 931 8495)
1083 871 1301 923 ADSCRIPTA.

399 993 465 1055 ‘Hic
485 996 561 1053 liber
587 996 762 1070 desumptus
787 1003 834 1051 est
860 1012 898 1051 ex
923 993 999 1051 libro
1026 993 1191 1051 doctissimi
1216 993 1393 1069 Mariangeli
1413 994 1565 1066 Accursii,
1593 996 1646 1071 qui

317 1098 373 1155 has
395 1097 605 1173 inscriptiones
626 1113 736 1172 magna
755 1113 822 1152 cum
840 1093 993 1169 diligentia
1006 1094 1177 1168 exscripsit,
1200 1094 1252 1151 sed
1267 1095 1407 1152 librarius
1424 1095 1548 1152 vitiavit.
1581 1096 1646 1154 Alii

316 1209 415 1256 tamen
435 1197 569 1255 tribuunt
590 1213 641 1254 eas
663 1195 821 1252 Aibertino
842 1194 961 1252 cuidam
982 1193 1170 1264 Florentino,
1192 1195 1244 1269 qui
1265 1194 1476 1271 inscriptiones
1490 1194 1646 1255 Romam

317 1317 355 1356 ex
376 1298 452 1374 ipsis
475 1297 559 1355 saxis
580 1297 611 1354 in
633 1315 724 1354 unum
745 1295 887 1353 volumen
908 1294 1084 1371 collegerat3
1107 1294 1160 1352 sed
1181 1305 1246 1353 erat
1262 1313 1367 1370 parum
1382 1295 1499 1368 doctus3
1521 1305 1554 1354 ut
1568 1295 1646 1354 mul-

317 1406 364 1456 tas
386 1399 452 1456 sine
473 1397 583 1455 iudicio
605 1397 763 1471 scripsisse
784 1395 947 1453 verisimile
966 1395 1111 1465 videatur,
1132 1405 1278 1469 quantum
1299 1415 1338 1452 ex
1359 1396 1570 1472 antiquitatum
1584 1395 1646 1454 Ro·

317 1516 472 1556 manarum
491 1496 594 1554 libello
616 1514 705 1571 quem
726 1495 819 1554 edidit
839 1495 979 1571 colligere
1000 1512 1171 1571 possumus.
1210 1498 1292 1553 Ante
1312 1496 1392 1553 hunc
1413 1496 1572 1554 nonnullas
1593 1515 1646 1555 ex·

317 1598 481 1673 scripserat
501 1595 646 1667 Bloudus,
668 1596 784 1671 primus
806 1596 1017 1671 antiquitatum
1034 1597 1198 1654 restitutor.
1233 1596 1319 1654 Idem
1332 1596 1500 1654 Laurentiii
1513 1596 1646 1656 Medicee

317 1716 410 1758 suasu
437 1696 586 1772 praestitit
611 1696 765 1753 Iucundos
793 1697 968 1755 monachus.
1017 1696 1085 1754 Hos
1117 1706 1260 1772 sequutus
1285 1696 1415 1755 Fulvius
1448 1714 1570 1772 quoque
1598 1704 1648 1756 est

317 1808 416 1857 acute
444 1804 557 1855 nostra.
605 1796 704 1854 Porro
731 1803 831 1854 autem
858 1797 935 1854 varii
961 1797 1061 1854 varias
1090 1806 1317 1868 coacervarunt;
1349 1797 1600 1872 quemadmodum
1627 1816 1646 1856 e

317 1900 421 1958 multis
446 1897 659 1972 manuscriptis
684 1897 784 1967 libris,
812 1896 844 1954 iu
871 1914 947 1971 quos
975 1896 1149 1969 incidimus,
1177 1899 1308 1956 maxime
1337 1917 1376 1955 ex
1397 1897 1527 1973 quodam
1547 1897 1646 1956 cardi-

316 1999 395 2057 nalis
417 1996 582 2073 carpensis
602 1996 704 2054 codice
715 1997 743 2071 ¹)
765 2005 855 2054 etex
877 1997 972 2054 altero
994 1994 1120 2056 Salviati
1141 1997 1345 2073 cardinalis²)
1365 1997 1644 2075 depraehendimus.

318 2100 368 2158 Ex
389 2100 438 2158 hie
459 2097 599 2155 omnibus
620 2097 704 2155 libris
726 2097 784 2153 hoc
799 2096 937 2155 volumen
958 2097 1123 2155 confectum
1147 2106 1201 2156 est
1237 2099 1349 2157 Verum
1370 2106 1470 2156 umen
1492 2098 1647 2157 sciendum

317 2210 364 2261 est
388 2201 451 2258 Ioa.
475 2196 658 2266 Camertem,
683 2195 751 2255 Nic.
775 2193 964 2271 Sipontinum
989 2206 1021 2256 et
1041 2198 1241 2274 Pomponium
1263 2197 1389 2256 Laetum
1415 2205 1513 2258 aetate
1539 2217 1597 2259 sua
1616 2206 1648 2258 et

316 2308 422 2360 nostra
447 2298 606 2356 Iovianum
627 2297 796 2354 Pontanum
823 2295 959 2372 aliosque
984 2298 1153 2373 complures
1182 2298 1354 2356 huiusmodi
1380 2299 1528 2374 quaedam
1554 2299 1649 2376 scrip·

317 2402 406 2470 sisse,
428 2407 458 2457 et
479 2407 512 2456 ut
531 2407 618 2458 erant
638 2396 823 2472 antiquitatis
845 2395 1040 2456 admiratores
1061 2399 1185 2456 maximi
1205 2408 1236 2456 et
1256 2399 1376 2470 aemuli,
1397 2415 1450 2456 eos
1464 2405 1537 2476 puto
1551 2399 1649 2457 multa

317 2503 400 2560 hisce
421 2500 547 2571 similia,
573 2504 605 2555 ut
625 2497 760 2555 indoctos
781 2496 936 2555 eluderent
956 2505 986 2555 et
1006 2497 1110 2556 doctos
1133 2506 1294 2569 tentarent,
1316 2499 1516 2570 confinxisse,
1541 2498 1592 2557 vel
1613 2505 1648 2558 ut

315 2610 434 2680 gentem
460 2601 595 2675 aliquam
620 2606 762 2656 ornarent
788 2598 977 2674 antiquitatis
1004 2599 1175 2656 testimonio
1201 2599 1251 2657 vel
1277 2599 1338 2657 alia
1365 2599 1403 2657 de
1430 2616 1538 2671 causa;
1564 2599 1647 2675 quod

317 2703 395 2761 alios
421 2719 541 2776 quoque
568 2697 767 2757 tum-Romae
789 2704 851 2754 tum
877 2696 951 2756 alibi
971 2698 1080 2757 fecisse
1102 2699 1180 2770 scio,
1207 2699 1338 2757 maxime
1358 2701 1389 2757 in
1411 2699 1568 2775 Hispania.
1610 2699 1647 2758 Id

318 2811 418 2860 autem
444 2799 531 2857 facile
556 2804 675 2854 constat
695 2814 734 2854 ex
756 2796 965 2871 antiquitatum
984 2798 1060 2855 libro
1081 2798 1262 2876 Ingolstadii
1283 2799 1377 2872 edito,
1403 2800 1488 2858 cuius
1510 2800 1647 2875 archety-

319 2921 392 2980 pum
419 2899 493 2974 (nisi
518 2895 646 2970 fallitur)
673 2895 785 2954 vidisse
811 2913 843 2953 se
865 2895 1020 2955 Bononiae
1046 2900 1197 2957 Antonius
1221 2917 1307 2958 meus
1334 2898 1554 2977 suspicaturl).
1598 2899 1648 2958 De

318 2998 572 3076 Hispaniensibus
593 3012 653 3053 non
673 2994 786 3053 dubito.
823 2995 895 3053 vidi
916 2997 995 3054 euim
1015 2998 1139 3057 Alfousi
1152 2998 1287 3058 Tarerae
1301 2999 1432 3076 Hispani
1452 2999 1561 3059 librum
1575 2998 1648 3058 His·

317 3100 492 3178 penitorum
519 3096 767 3175 epigrammatum
792 3095 930 3154 fictorum
950 3097 1174 3173 plenissimum,
1203 3118 1330 3175 quarum
1351 3109 1466 3177 partem
1486 3101 1519 3158 in
1540 3116 1648 3175 eupra-

318 3200 399 3259 dicto
420 3198 521 3258 codice
544 3195 724 3256 Germanico
745 3204 851 3255 extare
870 3214 931 3254 uon
951 3197 1106 3274 ignoro4).
1149 3198 1207 3258 His
1234 3201 1328 3276 igitur
1347 3200 1436 3258 fidem
1456 3207 1571 3258 tantum
1593 3200 1647 3259 ha-

318 3303 385 3373 beo,
406 3317 484 3376 quae
504 3297 656 3372 descripta
676 3303 747 3354 eunt
767 3315 806 3354 ex
827 3297 904 3372 ipsis
925 3299 1020 3369 saxis,
1041 3298 1121 3374 quod
1139 3299 1171 3357 in
1187 3297 1323 3371 Gallicis,
1346 3299 1520 3376 Hispanicis
1542 3308 1573 3358 et
1586 3299 1648 3358 Ita·

318 3401 385 3461 licis
406 3401 565 3475 episcopus
586 3397 707 3473 quidam
721 3396 904 3475 Ragusinus,
924 3399 977 3472 qui
992 3396 1107 3457 Reum
1128 3407 1263 3458 mortuus
1284 3409 1332 3458 est
1347 3399 1516 3472 ooDXIN,
1537 3417 1650 3477 magna

318 3501 507 3581 praestitisse
520 3498 675 3577 diligentia
688 3497 796 3556 dicitur
805 3497 850 3574 l)=
872 3497 904 3556 iu
918 3497 1063 3557 Romanis
1076 3499 1224 3578 Mariang.
1240 3501 1417 3572 Accnraius,
1432 3507 1462 3559 et
1474 3499 1507 3558 in
1520 3499 1647 3574 (Roma

396 3747 421 3808 ¹)
448 3746 516 3797 Vide
535 3759 612 3809 supra
630 3761 656 3808 p.
669 3748 713 3795 70.
724 3771 758 3781 -
779 3745 898 3796 Ceterum
911 3746 1042 3796 Manutius
1061 3747 1105 3796 ubi
1122 3747 1185 3797 citat
1195 3747 1289 3798 librum
1302 3748 1467 3814 &mensem
1487 3763 1540 3799 uon
1552 3749 1647 3800 Iucun-

319 3839 425 3888 diauum
443 3837 536 3886 librum
556 3835 690 3884 aMetello
708 3836 850 3899 expilatam
869 3835 1002 3900 intellegit,
1022 3837 1068 3886 sed
1086 3837 1202 3903 syllogen
1214 3840 1336 3903 scriptam
1348 3839 1448 3901 Smetii,
1466 3853 1542 3904 quem
1555 3845 1646 3890 notum

320 3936 360 3978 est
377 3928 502 3978 cardinali
520 3925 634 3976 Rudolfo
653 3925 702 3974 Pio
721 3925 799 3989 carpi
817 3939 864 3989 per
881 3940 904 3974 a
920 3927 1099 3977 loct-1551
1118 3943 1135 3976 a
1153 3943 1232 3978 manu
1249 3929 1337 3979 inissa

396 4015 422 4079 ²)
448 4018 481 4068 Iu
499 4015 588 4066 codice
606 4015 705 4064 Metelli
722 4016 784 4065 Vat.
803 4015 874 4066 6039
896 4023 956 4080 post
973 4024 1095 4082 excerpta
1113 4017 1255 4083 Carpensia
1272 4026 1413 4084 sequuntur
1429 4011 1616 4072 attium
1625 4035 1647 4070 r.

319 4110 371 4159 alia
387 4099 430 4158 'ex
448 4107 506 4158 cod.
526 4105 596 4156 card.
615 4098 742 4158 Salviati’.

397 4197 422 4261 ⁸)
449 4198 626 4262 Archetypum
651 4196 701 4245 hoc
725 4196 794 4261 quod
818 4197 912 4247 dicitur
934 4198 1049 4262 syllegae
1068 4198 1188 4263 Apianae
1212 4213 1260 4263 ego
1280 4214 1382 4264 quoque
1400 4199 1454 4248 vidi
1472 4205 1533 4249 ante
1550 4198 1651 4264 aliquot

320 4307 403 4343 anuos
421 4290 556 4340 Bononiae
580 4286 752 4337 bibliothecae
769 4287 886 4353 publicae
905 4288 1020 4338 oblatum
1039 4289 1188 4350 emendum
1213 4297 1240 4338 at
1257 4305 1319 4340 mox
1338 4289 1497 4355 deprehendi
1515 4288 1542 4338 id
1560 4291 1651 4354 paucis

319 4384 395 4434 anuis
413 4389 473 4446 post
490 4380 587 4429 editum
607 4379 737 4443 Apianum
757 4378 850 4440 (1534)
870 4394 904 4428 ex
922 4379 978 4444 ipso
996 4379 1062 4428 libro
1082 4380 1150 4444 typis
1170 4381 1273 4444 vulgato
1292 4380 1447 4445 descriptum
1466 4393 1536 4441 esse,
1560 4386 1590 4429 ut
1607 4394 1648 4430 ar·

318 4474 421 4538 chetypi
444 4472 555 4537 speciem
578 4485 641 4534 prae
659 4483 687 4518 se
705 4469 791 4518 ferret.
828 4469 916 4519 Minus
934 4470 1030 4533 peritos
1048 4469 1124 4520 fache
1142 4470 1226 4533 fallen
1249 4471 1321 4521 fraus
1339 4478 1424 4520 umen
1445 4475 1516 4535 patet
1533 4470 1648 4520 maxime

318 4565 346 4614 iu
370 4563 496 4623 hiatibus,
521 4576 585 4627 qnos
611 4575 668 4610 cum
687 4559 793 4623 Apiana
810 4559 908 4623 sylloge
927 4559 1042 4609 indicare
1060 4561 1143 4610 soleat
1160 4560 1249 4611 tractis
1267 4562 1336 4626 typis
1353 4561 1398 4622 iis,
1423 4561 1468 4626 qul
1485 4560 1553 4610 forte
1571 4566 1647 4624 typo-

318 4653 404 4704 thetae
427 4654 505 4717 primi
526 4667 554 4701 se
577 4651 711 4711 offerrent,
735 4649 763 4698 in
786 4650 875 4699 codice
901 4649 947 4699 lllo
967 4651 1018 4715 ipsi
1040 4651 1077 4700 illi
1102 4651 1158 4715 typi
1176 4651 1251 4701 fracti
1270 4659 1410 4702 cernuntur
1427 4664 1444 4700 a
1461 4650 1568 4700 liltrario
1586 4649 1647 4699 reli·

317 4744 390 4807 glosa
414 4743 518 4807 depicti.
556 4743 687 4792 Volumen
710 4755 771 4789 num
796 4740 923 4790 invenerit
944 4748 1034 4806 postea
1058 4749 1217 4807 emptorem,
1242 4743 1287 4806 qui
1306 4755 1338 4792 ee
1357 4741 1442 4806 decipi
1460 4755 1489 4791 se
1506 4746 1647 4806 pateretur,

318 4831 418 4894 ignoro.

395 4919 420 4981 ⁴)
448 4922 482 4970 V.
500 4920 623 4969 Huebnsr
641 4920 670 4969 11
688 4935 713 4984 p.
727 4920 762 4969 X.

396 5006 420 5068 ⁸)
448 5009 591 5072 Episcopus
604 5009 748 5072 ltaguainus
760 5008 912 5074 Pamphilus
923 5009 1086 5062 Strassoldus
1104 5011 1149 5076 qui
1167 5009 1231 5060 oblit
1243 5010 1342 5061 Romae
1361 5024 1386 5060 a.
1397 5010 1469 5062 loto
1488 5024 1542 5061 nou
1554 5009 1647 5060 litteris

319 5097 420 5160 claruit,
439 5097 486 5148 sed
502 5099 589 5158 umls,
609 5104 732 5164 quantum
751 5099 856 5164 quidam
874 5100 954 5151 refert
970 5101 1100 5153 Farlatius
1118 5101 1192 5166 illyr.
1209 5115 1276 5152 saca
1294 5101 1321 5164 6,
1336 5100 1398 5152 tat.
