3480 5804
533 500 831 555 onsunvauronus
849 501 967 555 aaron.
985 504 1047 554 xv.
1378 488 1449 562 291

123 668 156 730 in
170 682 289 747 portum
305 670 546 750 Thespiensium,
562 673 612 749 qui
627 682 799 731 manserant
812 673 843 729 in
858 673 1000 732 societate
1015 674 1152 733 Romana
1163 676 1284 753 (Polyb.
1301 677 1350 751 27,
1365 682 1390 753 1,
1409 683 1451 759 1).

125 771 157 828 Α
184 770 300 831 Creusa
327 783 357 832 et
384 775 450 851 ipse
478 774 648 833 Haliartum
675 791 707 831 se
734 774 873 846 contulit,
903 774 952 831 uhi
979 774 1101 834 fratrem
1127 780 1259 854 repperit
1283 780 1342 838 iam
1368 785 1452 860 oppi-

125 872 197 931 dum
219 891 394 950 oppugnare
416 884 571 951 parantem
594 876 675 951 (Liv.
698 874 748 945 42,
771 874 836 950 59).
871 874 918 932 Eo
939 875 968 932 vi
985 885 1072 951 capto
1094 887 1124 935 et
1139 878 1238 938 diruto
1259 882 1324 940 inde
1341 883 1453 945 Thebas

126 974 228 1032 dactus
251 979 405 1045 examinas,-
430 978 532 1052 quibua
559 981 620 1036 aiae
642 978 792 1035 certamina
811 980 930 1051 receptis
951 978 1044 1035 arbem
1066 980 1187 1039 tradidit
1207 983 1334 1043 caulibus
1356 992 1453 1062 etqui

125 1074 320 1133 Romanorum
341 1082 439 1152 portis
467 1089 562 1150 mant,
595 1080 736 1139 aduersas
756 1080 895 1152 factionis
923 1077 1063 1136 homiaem
1084 1082 1289 1159 scutorumque
1314 1091 1392 1163 rapis
1418 1107 1453 1147 oc

123 1173 316 1234 Macedonum
333 1179 469 1251 sacrifica
495 1181 545 1238 aab
568 1197 673 1237 corono
697 1179 832 1236 vendidit.
875 1178 934 1235 His
959 1183 1046 1254 pestis
1073 1185 1103 1237 in
1125 1184 1247 1242 Boeotio
1267 1189 1310 1244 od
1327 1208 1407 1249 maro
1428 1200 1454 1248 ct

124 1277 167 1334 ad
185 1294 273 1335 acces
293 1280 386 1337 rediit.
423 1279 502 1354 (Liv.
523 1280 573 1350 42,
598 1280 646 1349 63,
670 1277 733 1354 12).
776 1279 874 1336 Abest
895 1280 985 1355 igitur
1005 1281 1043 1337 ab
1065 1285 1245 1357 auctoribus,
1267 1289 1318 1362 qui
1340 1291 1451 1350 bellum

123 1374 279 1437 Persicum
303 1390 453 1451 enarrant,
474 1380 553 1455 quod
576 1381 704 1458 legimus
725 1380 756 1437 in
779 1390 902 1437 senatus
924 1366 1060 1439 consulto
1082 1383 1123 1458 (v.
1147 1383 1200 1460 22)
1224 1385 1258 1446 C.
1281 1387 1451 1451 Lucretium

124 1488 225 1537 eastra
251 1480 422 1539 admovisse
454 1481 493 1538 ad
519 1483 662 1559 oppidum
691 1481 834 1539 Thisbes.
883 1484 927 1539 Aa
951 1481 1100 1558 Polybius
1125 1504 1190 1544 cum
1217 1501 1370 1550 narrasset
1393 1494 1452 1552 tria

68 1600 73 1607 ·
124 1580 236 1653 oppida
262 1600 282 1639 a
302 1581 447 1641 Romanis
469 1584 625 1654 defecisse,
653 1601 726 1641 sane
751 1590 784 1639 ut
804 1581 841 1639 do
862 1581 999 1641 Haliarto
1020 1594 1050 1643 et
1073 1583 1210 1644 Coronea
1236 1590 1278 1647 ita
1299 1594 1388 1652 etiarn
1414 1596 1451 1654 dc

123 1676 249 1739 Thisbis
270 1683 344 1757 quid
364 1682 477 1741 factam
499 1685 540 1742 sit
561 1683 721 1741 memoriae
737 1683 868 1755 tradidit;
891 1683 996 1744 Livius
1017 1685 1048 1743 id
1070 1688 1206 1747 omittere
1220 1694 1326 1767 potuit,
1348 1712 1450 1769 quam·

124 1796 212 1855 quam
235 1782 353 1841 videtur
373 1785 404 1842 iu
426 1786 566 1843 universa
586 1786 643 1842 hac
664 1785 834 1842 narratione
849 1785 1135 1862 Polybiumpresse
1156 1800 1273 1851 secutus
1295 1811 1373 1855 esse.
1409 1799 1452 1856 Aa

123 1898 270 1956 quaenam
303 1893 350 1941 est
381 1885 435 1943 illa
466 1896 535 1960 post
560 1885 731 1943 Haliartum
764 1894 882 1961 captam
914 1888 1067 1962 expeditio
1099 1890 1244 1951 adversus
1269 1894 1451 1958 Thebanos?

123 1979 232 2041 Nonne
252 1984 342 2041 modo
366 1984 431 2060 (42,
453 1987 502 2044 44.
530 1986 583 2061 46)
612 1986 781 2044 audivimus
807 1987 933 2045 eundem
954 1987 1073 2047 Livium
1098 2000 1267 2051 narrantem
1290 1996 1452 2059 Thebanos

123 2080 300 2156 decrevisse,
323 2093 357 2143 ut
378 2087 533 2145 tolleretur
552 2088 636 2163 regia
657 2087 794 2159 societas,
817 2098 954 2146 auctores
977 2091 1171 2165 paciscendae
1193 2094 1257 2153 eius
1275 2094 1451 2159 Chalcidem

123 2183 163 2241 sd
188 2184 343 2244 Romanos
370 2188 499 2259 misisse,
537 2188 691 2245 Romanos
718 2187 815 2245 laetos
847 2188 878 2245 id
903 2190 1071 2261 audivisse,
1103 2192 1217 2251 Thebis
1245 2216 1299 2271 per
1325 2200 1450 2259 hiemem

123 2303 150 2343 a.
173 2284 266 2345 58213
295 2286 331 2345 Ρ.
358 2286 521 2346 Lentulum
548 2289 713 2365 legatorum
740 2306 831 2344 unum
857 2307 925 2346 cum
952 2292 1104 2363 pracsidio
1131 2293 1255 2352 militum
1277 2297 1450 2358 Italicorum

121 2387 296 2445 consedisse
317 2389 446 2464 indeque
461 2409 530 2447 vere
552 2410 579 2448 a.
596 2388 654 2449 583
678 2406 745 2446 cum
767 2388 872 2447 iisdem
892 2390 1039 2449 militibus
1061 2402 1090 2449 et
1104 2393 1254 2452 iuventute
1269 2396 1450 2460 Boeotorum

122 2484 290 2547 Haliartum
319 2498 522 2567 oppugnatum
550 2491 714 2566 profectum
743 2507 810 2547 esse
839 2488 878 2563 (c.
902 2490 952 2561 37,
983 2492 1009 2547 1.
1039 2512 1064 2549 c.
1088 2494 1138 2561 47,
1165 2493 1210 2552 12.
1241 2516 1267 2554 c.
1291 2497 1340 2568 56,
1365 2501 1393 2557 3.
1416 2503 1450 2577 4)

123 2589 235 2665 oppida
258 2600 357 2649 autem
384 2610 461 2667 quae
487 2610 552 2649 curn
581 2608 650 2667 rege
678 2600 791 2649 starent
812 2592 992 2665 praesidium
1022 2592 1060 2651 ab
1087 2612 1122 2649 eo
1147 2596 1344 2672 expetivisse,
1373 2609 1405 2659 ut
1432 2621 1452 2661 a

123 2687 277 2749 Thebanis
300 2708 332 2751 se
354 2692 565 2751 defenderent?
599 2690 684 2765 Quae
707 2702 740 2748 ut
760 2690 866 2749 Livius
889 2711 927 2748 ex
944 2692 1071 2768 Polybio
1093 2697 1229 2771 sumpsit,
1251 2698 1292 2755 ita
1313 2718 1352 2757 ex
1374 2702 1450 2777 ipsis

124 2789 299 2866 Polybianis
315 2811 392 2868 quae
407 2802 570 2871 supersunt
591 2792 656 2867 (27,
676 2792 705 2867 l)
727 2801 874 2867 quatenus
895 2794 1072 2868 perveniunt
1092 2794 1195 2855 eadem
1210 2799 1341 2858 referunt
1360 2804 1451 2863 etiam

124 2890 302 2952 luculentius
333 2904 363 2952 et
387 2895 523 2972 gravius,
549 2894 666 2969 legatos
696 2893 720 2951 is
749 2893 791 2950 ait
816 2912 834 2949 a
856 2892 1008 2951 Thebanis
1030 2895 1139 2953 missos
1165 2916 1246 2970 csse,
1274 2902 1327 2975 qui
1347 2905 1451 2963 urbem

124 2990 270 3052 Romanis
292 2997 497 3070 permitterent
522 2995 686 3070 exulesque
715 2994 899 3052 reducerent.
943 2994 1037 3052 Iidem
1059 2995 1198 3057 Thebani
1224 2999 1370 3063 aduersus
1393 3004 1452 3064 Co·

123 3112 251 3154 ronaeos
281 3092 315 3154 C.
341 3096 491 3155 Licinium
519 3116 557 3155 ex
584 3095 742 3154 Thessalis
768 3095 991 3154 arcessiverunt
1017 3095 1098 3171 (Liv.
1127 3096 1177 3170 42,
1207 3100 1256 3172 67,
1288 3101 1349 3179 12).
1393 3104 1451 3165 His

124 3196 262 3252 omnibus
290 3214 356 3252 cum
383 3199 550 3274 refragetur
576 3197 656 3272 quod
684 3214 775 3273 supra
799 3195 967 3254 rettulimus
990 3195 1024 3255 Ο.
1048 3197 1219 3258 Lucretium
1244 3206 1378 3263 exercitu
1399 3208 1451 3264 ad·

123 3293 213 3349 ducto
235 3293 358 3351 Thebas
379 3298 528 3370 recepisse
555 3306 586 3354 et
607 3297 746 3354 exulibus
775 3298 877 3353 urbem
899 3296 1073 3367 tradidisse,
1099 3317 1197 3358 nonne
1223 3313 1306 3376 patet
1332 3306 1379 3362 hic
1402 3309 1451 3384 agi

124 3384 184 3449 non
207 3393 338 3468 deipsis
361 3394 484 3464 Thebis,
508 3395 559 3453 sed
581 3395 618 3452 de
636 3394 856 3452 Pseudothebis
877 3395 995 3467 iisdem,
1018 3414 1094 3471 quas
1117 3415 1211 3474 supra
1231 3402 1360 3462 vidimus
1381 3424 1451 3463 con·

123 3492 207 3569 iungi
228 3511 294 3551 cum
317 3492 456 3552 Coronea
478 3505 508 3553 et
529 3494 683 3563 Haliarto,
710 3512 787 3569 quac
809 3494 931 3552 Thebae
956 3514 1026 3553 vere
1051 3506 1120 3554 sunt
1141 3498 1291 3559 Thisbaef
1326 3506 1452 3564 Accedit

123 3593 216 3653 aliud.
256 3592 292 3653 (l.
318 3593 490 3654 Lucretium
517 3613 583 3654 cum
611 3614 650 3653 ex
676 3593 796 3652 decreto
817 3614 911 3670 nuper
936 3604 1055 3672 reperto
1077 3610 1193 3656 constet
1213 3603 1376 3661 exercitum
1399 3607 1451 3664 ad-

123 3694 245 3753 duxisse
272 3695 419 3765 Thisbes,
452 3715 489 3755 ea
513 3696 665 3772 expeditio
691 3701 761 3753 ante
786 3695 915 3754 Haliarti
942 3699 1193 3772 oppugnationem
1221 3701 1362 3763 collocari
1390 3724 1451 3764 non

123 3806 236 3871 potest3
259 3815 328 3854 nam
349 3814 530 3872 quamquam
552 3815 571 3854 a
592 3794 709 3856 Creusa
729 3795 900 3855 Haliartum
922 3797 1117 3872 proficiscens
1140 3799 1271 3861 Thisbes
1294 3803 1376 3862 adire
1397 3824 1451 3882 po·

123 3898 190 3969 tuit,
216 3896 363 3956 Creusam
384 3896 536 3971 profectus
558 3916 624 3955 cum
647 3916 708 3955 una
732 3898 845 3955 triremi
871 3898 1033 3957 exercitum
1056 3918 1090 3957 eo
1112 3910 1246 3977 tempore
1268 3923 1369 3964 secum
1391 3926 1452 3967 non

125 3998 237 4057 habuit.
273 3998 433 4057 Exercitus
450 3996 591 4057 Chalcide
613 4000 770 4074 expositus
784 3999 922 4076 primum,
945 4008 979 4058 ut
999 4019 1055 4075 par
1075 4012 1130 4072 est,
1153 4002 1323 4065 Haliartum
1345 4007 1451 4068 ductus

124 4109 180 4171 est,
203 4118 264 4175 qua
284 4106 457 4176 expugnata
479 4119 545 4157 cum
561 4097 735 4159 Coronaeos
757 4101 874 4158 interim
901 4101 1007 4159 consul
1027 4101 1063 4159 P.
1079 4101 1214 4163 Licinius
1236 4125 1275 4164 ex
1290 4108 1453 4168 Thessalia

124 4200 247 4259 veniens
269 4218 430 4276 aggressus
452 4207 533 4259 esset
554 4200 635 4276 (Liv.
652 4199 701 4270 42,
725 4201 774 4271 67,
800 4200 847 4258 12.
870 4202 919 4272 43,
943 4202 986 4276 4),
1008 4202 1083 4259 nihil
1105 4214 1260 4277 supererat
1281 4208 1340 4266 nisi
1362 4228 1451 4285 expe·

124 4300 198 4359 ditio
219 4300 363 4359 adversus
379 4300 557 4360 Thisbaeas.
590 4301 638 4359 Ita
658 4302 701 4360 sic
722 4319 841 4377 quoque
862 4301 1054 4359 confirmatur
1071 4322 1147 4377 quae
1168 4306 1216 4362 hic
1236 4308 1316 4382 apud
1329 4306 1451 4368 Livium

124 4401 161 4460 de
183 4400 297 4461 Thebis
318 4414 489 4474 narrantur,
512 4421 547 4460 ea
569 4401 731 4478 Polybium
754 4402 790 4460 de
813 4401 938 4461 Thisbis
958 4402 1119 4462 rettulisse.
1141 4438 1183 4447 —
1210 4404 1339 4478 Quando
1361 4428 1450 4484 expe·

125 4502 198 4562 ditio
221 4502 365 4562 adversus
388 4503 518 4561 Thisbas
542 4514 684 4578 suscepta
705 4504 754 4574 sit,
783 4512 921 4562 accurate
943 4503 1059 4562 definiri
1086 4524 1145 4563 non
1167 4516 1283 4581 potest3
1311 4509 1364 4567 sed
1384 4528 1452 4568 cum

123 4603 256 4663 Haliarti
278 4605 394 4663 obsidio
416 4622 477 4662 non
498 4604 658 4662 admodum
680 4605 730 4662 diu
751 4612 902 4680 protracta
920 4622 988 4665 csse
1010 4606 1146 4664 videatur
1167 4608 1393 4684 neo-quicquam
1415 4628 1451 4669 eo

124 4704 214 4764 ducat
244 4704 416 4763 Lucretium
448 4705 480 4763 in
512 4704 637 4763 hiemem
675 4723 770 4781 usque
801 4705 913 4764 bellum
935 4707 1171 4780 continuavisse,
1197 4708 1392 4784 probabiliter
1412 4709 1452 4770 ad

125 4816 299 4865 autumnum
322 4825 348 4864 a.
372 4806 431 4864 583
454 4806 605 4864 referetur.

208 4904 298 4980 Quod
319 4907 388 4964 inde
410 4928 429 4965 a
449 4906 596 4982 principio
618 4906 710 4984 legati
731 4906 860 4965 Romani
881 4908 1114 4984 postulaverant,
1135 4916 1169 4966 ut
1189 4909 1303 4968 omisso
1321 4909 1452 4971 Boeoto·

126 5025 192 5065 rum
224 5009 352 5067 concilio
384 5008 638 5083 Boeotarchisque
670 5026 718 5065 res
755 5016 932 5067 tractaretur
967 5010 1044 5067 inter
1077 5008 1230 5069 Romanos
1263 5020 1293 5069 et
1322 5014 1451 5090 populos

128 5106 273 5167 Boeotiae
299 5110 447 5188 singulae,
474 5110 504 5167 id
532 5129 598 5168 cum
626 5108 719 5169 secuti
741 5116 843 5168 essent
868 5112 899 5168 in
920 5129 993 5187 pace
1015 5111 1217 5171 confirmanda
1243 5131 1309 5171 cum
1330 5115 1451 5191 populis
