3480 5804
353 452 401 529 14
875 461 1149 516 annmsrmurs
1580 463 1676 514 mm

349 639 390 701 21
412 639 488 700 cista
509 657 597 699 aerea
616 655 712 713 nuper
733 637 896 696 Praeneste
916 643 1045 712 reperta,
1066 653 1147 693 nnnc
1167 633 1282 691 Romae
1304 631 1383 708 apud
1405 631 1631 691 Martinettium.

1259 1017 1362 1186 [Μ
1431 924 1642 1098 olima

475 1541 611 1620 Iuppiter
643 1538 766 1616 (tovos)
798 1537 830 1597 iu
861 1537 938 1597 solio
968 1538 1079 1597 sedens
1111 1537 1235 1598 sinistra
1265 1537 1379 1599 fulmen
1410 1547 1507 1611 tenet,
1540 1539 1678 1597 dextram

434 1643 560 1720 imponit
585 1658 687 1700 umero
712 1640 837 1698 Iunonis
866 1638 998 1715 (tvnc),
1026 1656 1104 1714 qnae
1130 1641 1216 1698 iuxta
1243 1658 1311 1698 eum
1339 1647 1408 1698 stat.
1450 1640 1499 1698 Ab
1526 1641 1564 1699 iis
1593 1657 1679 1698 arer-

434 1761 487 1804 sus
513 1744 613 1803 adstat
632 1741 798 1801 Mercurius
819 1739 1001 1815 (nnacvms)
1023 1741 1119 1799 oculis
1141 1739 1178 1798 ad
1200 1740 1352 1812 dextram,
1379 1741 1510 1800 fortasse
1530 1739 1562 1797 in
1583 1739 1680 1817 Apol-

434 1843 541 1916 linem,
572 1843 730 1914 coniectis,
762 1841 869 1900 dextra
900 1841 1062 1900 caduceum
1075 1840 1116 1917 (i)
1146 1848 1261 1899 tenens.
1311 1841 1402 1902 quta
1432 1849 1492 1900 stat
1520 1839 1679 1912 Hercules,

434 1945 521 2005 cuins
547 1963 655 2004 nomen
677 1951 778 2020 potest
798 1942 854 2000 sub
874 1942 1010 2018 robigine
1031 1941 1139 2013 latere,
1166 1941 1245 2018 pelle
1266 1942 1389 2000 leonina
1408 1943 1535 2000 amictus
1556 1941 1679 2000 etitem

434 2045 475 2105 ad
503 2045 640 2105 dextram
666 2060 837 2102 conversus.
880 2042 929 2100 Ad
956 2061 1024 2101 enm
1047 2042 1169 2118 respicit
1193 2042 1306 2118 Apollo
1333 2041 1478 2118 (asoto),
1505 2041 1559 2102 sed
1584 2042 1679 2100 disce·

434 2145 480 2205 dit
507 2155 658 2222 tamquam
683 2146 796 2216 iratus3
825 2143 933 2202 dextra
960 2150 1041 2203 tenet
1067 2142 1184 2201 laurum
1212 2161 1338 2219 eamque
1365 2141 1515 2202 Hercules
1543 2148 1678 2220 prensat.

434 2244 537 2307 Liberi
565 2245 703 2321 (amasa)
733 2244 865 2316 barbati,
897 2245 949 2319 qui
974 2243 1133 2320 proximus
1159 2252 1222 2315 est,
1254 2243 1349 2303 facies
1378 2261 1525 2320 expressa
1552 2251 1600 2302 est
1626 2241 1681 2301 ad·

435 2365 536 2419 versa,
563 2347 682 2406 videtur
706 2354 804 2406 autem
831 2363 907 2421 quae
933 2345 1010 2403 liunt
1034 2364 1095 2403 uon
1120 2345 1282 2404 attendere.
1323 2344 1414 2403 luxta
1440 2363 1509 2404 enm
1530 2353 1578 2403 est
1599 2343 1679 2404 ritis.

435 2447 554 2508 Deinde
578 2447 714 2506 Victoria
744 2444 933 2522 (vtcroara)
969 2446 1109 2504 manibus
1140 2452 1250 2504 tractat
1280 2444 1389 2502 lineam
1421 2465 1440 2503 a
1470 2462 1531 2520 qua
1563 2443 1681 2521 globuli

434 2547 662 2627 (margaritael)
688 2547 752 2624 apti
778 2553 861 2618 sunt3
890 2547 976 2604 iuxta
1000 2546 1082 2605 humi
1108 2547 1207 2604 iacent
1232 2545 1357 2620 clupeus
1382 2551 1413 2603 et
1436 2545 1533 2622 galea.
1578 2544 1681 2621 Prope

432 2659 481 2711 est
505 2650 640 2710 Minerva
667 2645 850 2723 (mensave)
877 2646 974 2721 capite
999 2646 1097 2718 nudo,
1129 2663 1254 2722 corpore
1282 2645 1443 2718 inclinato,
1476 2645 1515 2704 ad
1542 2645 1681 2704 dextram

433 2768 595 2821 conversa,
627 2767 750 2806 manum
782 2748 919 2805 dextram
949 2747 1108 2822 imponens
1138 2747 1184 2804 ori
1210 2746 1316 2805 Martis
1342 2745 1472 2822 (naas).
1520 2745 1553 2804 Is
1584 2745 1679 2804 multo

434 2850 549 2908 minore
576 2848 697 2906 modulo
722 2863 887 2923 expressus
913 2864 1003 2920 quam
1028 2847 1119 2904 ceteri
1146 2846 1267 2905 sinistra
1294 2856 1375 2904 tenet
1395 2847 1547 2923 clupeum,
1573 2845 1682 2907 dextra

434 2950 544 3026 proicit
562 2949 697 3019 hastam,
724 2946 851 3023 genibus
871 2946 979 3022 positis
1000 2947 1033 3005 in
1053 2947 1188 3023 margine
1210 2948 1289 3006 vasis
1311 2949 1412 3024 magui
1432 2946 1539 3007 crateri
1561 2946 1680 3007 similis.

435 3050 521 3109 Intra
541 3050 623 3126 quod
642 3067 719 3125 quae
739 3047 919 3106 exhibentur
939 3047 1036 3106 lineae
1058 3049 1165 3106 mirum
1186 3047 1218 3106 in
1239 3049 1361 3107 modum
1382 3049 1511 3108 inflexae
1532 3047 1605 3123 quid
1621 3047 1681 3107 sibi

435 3149 539 3223 velint,
561 3169 622 3208 non
642 3149 834 3224 intellegitur.
871 3148 956 3206 Pone
971 3148 1137 3206 Minervam
1154 3148 1236 3206 volat
1255 3150 1382 3224 parvula
1392 3149 1527 3209 Victoria
1540 3148 1679 3221 taeniam,

436 3268 526 3328 quam
554 3250 691 3309 manibus
717 3257 813 3322 tenet,
840 3248 932 3326 capiti
959 3248 1023 3308 eius
1051 3248 1238 3324 impositura.
1279 3249 1455 3309 Postremae
1483 3258 1554 3309 sunt
1579 3247 1682 3308 Diana

437 3351 561 3429 (orans)
587 3351 716 3410 adversa
739 3351 816 3409 faeie
842 3357 873 3408 et
899 3351 1011 3422 otiosa,
1039 3358 1069 3408 et
1094 3349 1228 3408 Fortuna
1249 3348 1423 3426 (roarvun)
1448 3350 1549 3427 amplo
1570 3350 1680 3409 vestitu

435 3451 475 3511 ad
497 3452 649 3512 sinistram
671 3469 832 3522 conversa3
855 3450 962 3509 dextra
982 3452 1047 3510 eius
1070 3459 1188 3527 sceptro
1209 3450 1355 3508 innititur.
1370 3483 1409 3493 -
1431 3451 1468 3509 In
1483 3451 1577 3509 limite
1592 3469 1680 3528 supe·

437 3553 518 3612 riore
538 3560 655 3631 praeter
676 3553 736 3612 alia
757 3561 932 3611 ornamenta
953 3549 1076 3611 Cerberi
1097 3551 1195 3611 forma
1214 3551 1294 3611 facta
1315 3561 1370 3610 est

354 3688 440 3750 (lists
461 3688 607 3765 singulari
628 3696 802 3763 argumento
824 3686 905 3763 quod
926 3685 1053 3744 incisum
1075 3695 1121 3743 est
1142 3693 1172 3744 et
1192 3687 1362 3747 nominibus
1376 3686 1536 3763 adscriptis
1552 3687 1679 3764 insignis

353 3808 421 3850 cum
441 3788 577 3866 robigine
597 3787 788 3845 vehementer
808 3793 945 3862 correpta
966 3795 1055 3858 esset,
1077 3786 1137 3843 iam
1155 3787 1199 3844 ita
1218 3797 1265 3846 est
1286 3787 1456 3860 emundata,
1477 3796 1510 3844 ut
1531 3805 1608 3865 qnae
1627 3805 1681 3846 ex·

354 3906 461 3967 pressa
482 3896 551 3946 sunt
571 3887 645 3946 satis
668 3905 832 3964 agnoscere
852 3887 984 3962 potuerit
1003 3884 1172 3963 Helbigius,
1195 3905 1377 3963 quamquam
1397 3889 1529 3947 fortasse
1549 3888 1680 3947 minores

354 3987 501 4067 quaedam
520 4005 569 4047 res
591 3987 687 4047 adhuc
707 3987 809 4046 latent
845 3986 979 4047 Nomina
999 3995 1136 4046 accurate
1156 3988 1448 4064 repraesentavimus
1471 4006 1562 4065 supra
1582 3995 1613 4047 et
1632 4007 1680 4047 ar·

353 4097 527 4166 gementum
548 4089 751 4148 enarravimus
772 4108 791 4147 a
811 4089 918 4148 dextra
937 4090 1131 4165 procedentes
1146 4087 1185 4146 ad
1200 4088 1362 4147 sinistram.
1398 4088 1680 4165 Interpretationem

353 4190 398 4250 rei
422 4195 526 4265 gestae
550 4189 588 4247 ab
614 4188 728 4247 artifice
754 4207 916 4264 expressae
942 4189 1127 4270 probabilem
1152 4207 1184 4250 se
1209 4207 1269 4249 non
1290 4189 1459 4268 repperisse
1481 4189 1584 4248 scribit
1604 4187 1680 4247 Hel·

352 4289 463 4368 bigius,
485 4290 532 4349 cui
553 4290 627 4348 haec
649 4289 748 4347 omnia
769 4289 920 4349 debemus.

354 4495 401 4555 22
421 4497 453 4555 in
475 4497 598 4574 speculo
620 4495 786 4556 Praeneste
807 4515 886 4573 rep.;
907 4497 1064 4573 possident
1083 4496 1241 4558 Pasinatii.

620 4630 701 4673 TEMS
872 4630 944 4673 ΔΙΔΧ
1072 4630 1237 4675 saevus-:ren

572 4714 660 4765 semina
669 4725 740 4766 pom
850 4715 886 4755 atr
898 4725 964 4756 armo
1108 4715 1195 4763 semina
1367 4706 1452 4758 Bitenas

582 4796 649 4846 sada,
663 4797 734 4837 stram
860 4797 953 4840 tudam
1098 4808 1146 4838 eam
1160 4800 1209 4848 tyro

583 4877 690 4917 adiacens
705 4880 741 4929 cat
1097 4885 1118 4921 ct
1129 4883 1213 4933 plectro

586 4967 652 4998 arma
665 4959 735 5000 tadatt

356 5055 394 5118 a
416 5054 627 5134 eassusque
647 5057 811 5118 visitans.
834 5060 904 5121 inst.
927 5026 1006 5120 aar.
1032 5059 1111 5120 raro
1133 5082 1163 5140 p.
1178 5064 1237 5123 aer
1251 5080 1296 5139 sq.
1318 5063 1379 5122 ao.
1395 5061 1515 5122 xx1v.
1530 5060 1632 5121 xxv.
