3480 5804
543 496 593 547 nn
611 496 877 549 snnmrcronvut
893 494 999 549 vnnrs
1016 496 1171 548 nnuma
1450 478 1520 550 119

191 680 305 731 certum
330 676 378 729 est
403 650 484 745 quod
509 669 540 727 in
566 669 631 728 eius
658 669 717 726 dne
742 669 860 728 litterae
888 683 1036 727 ssrrrvsa
1063 669 1160 727 adhuc
1185 679 1361 745 supersunt;
1388 669 1521 731 secunda

192 789 260 830 cum
286 772 365 829 inter
390 769 445 829 has
473 769 549 829 duas
576 769 666 830 aedes
691 769 774 828 aliud
800 770 968 829 aedificium
994 788 1053 828 non
1079 769 1247 829 interfuerit
1274 772 1397 831 alterius
1423 772 1520 830 utrius

192 871 282 930 tuerit
307 889 430 932 necesse
457 880 513 930 est.
555 870 689 931 Litterae
716 879 815 930 autem
838 887 983 931 ssrrrvsa
1008 872 1039 928 in
1064 871 1187 948 zopbori
1209 872 1349 932 interiore
1369 883 1455 949 parte
1475 874 1521 930 in·

192 973 274 1031 cisae
294 981 375 1045 sunt,
396 978 549 1049 totamque
562 973 798 1049 inscriptionem,
819 973 904 1031 cuius
921 991 974 1032 eae
989 982 1060 1031 sunt
1072 973 1195 1031 ultimae
1208 973 1335 1046 litterae,
1358 992 1416 1033 uno
1431 991 1521 1033 versu

193 1091 259 1132 esse
282 1073 480 1152 perscriptam
501 1073 663 1133 Henzenus
686 1074 844 1133 intellexit
888 1072 965 1133 (lum
986 1074 1064 1133 enim
1084 1074 1154 1131 illae
1177 1082 1244 1132 octo
1266 1074 1383 1133 litterae
1404 1084 1521 1150 partem

193 1192 260 1232 eam
286 1175 413 1251 zephori
433 1192 511 1251 quae
532 1181 579 1234 est
600 1192 693 1253 supra
713 1182 880 1234 extremum
900 1174 1160 1235 intercolumnium
1181 1174 1225 1233 ita
1245 1182 1392 1253 occupent
1416 1183 1450 1233 ut
1471 1193 1521 1233 ra-

194 1292 281 1334 cuum
302 1276 438 1334 relictum
461 1277 501 1336 sit
520 1277 650 1355 spatium
674 1276 799 1336 duarum
822 1277 997 1348 litterarum,
1018 1285 1114 1335 totum
1136 1294 1256 1335 versum
1279 1294 1371 1352 supra
1391 1277 1522 1352 quinque

191 1374 422 1437 intercolumnia
448 1377 592 1454 scriptum
618 1384 663 1437 tot
689 1378 753 1436 iere
780 1378 923 1436 babuisse
948 1376 1063 1435 litteras
1091 1377 1259 1436 certissime
1286 1387 1420 1449 constat,
1447 1383 1522 1453 quot

192 1486 264 1536 sunt
283 1477 315 1535 in
334 1497 374 1538 ea
392 1479 597 1558 inscriptione.
633 1479 740 1557 ltaque
761 1498 828 1537 cum
851 1478 939 1536 trium
960 1478 1081 1537 illarum
1099 1478 1337 1556 inscriptionum,
1359 1496 1434 1553 quas
1448 1477 1521 1535 Ein-

193 1577 352 1638 siedlensis
373 1582 548 1640 coniunctas
569 1580 670 1652 habet,
695 1581 793 1657 prima
814 1587 908 1638 totum
930 1581 1097 1656 zophorum
1117 1580 1202 1637 aedis
1224 1588 1293 1637 octo
1314 1578 1521 1637 columnarum

193 1688 329 1756 occupet,
350 1680 439 1740 tertia
458 1682 490 1740 in
512 1681 587 1740 aede
607 1699 684 1757 quae
701 1681 840 1758 proxima
854 1689 902 1739 cst
914 1681 1040 1757 zophori
1054 1690 1168 1755 partem
1182 1680 1364 1751 inferiorem,
1386 1680 1521 1757 sequitur

194 1788 226 1837 ut
252 1781 384 1839 secunda
409 1782 505 1842 incisa
528 1782 618 1841 luerit
643 1783 674 1841 iu
701 1783 833 1841 eiusdem
860 1782 983 1859 zophori
1009 1791 1093 1859 parte
1115 1781 1277 1858 superiore.
1321 1780 1401 1838 Nam
1423 1798 1520 1856 neque

193 1880 311 1940 videtur
336 1883 414 1941 alius
442 1883 527 1942 locus
553 1883 680 1942 inveniri
705 1901 810 1959 posse,
839 1883 890 1940 ubi
911 1882 1059 1941 eiusmodi
1080 1883 1304 1958 inscriptionem
1324 1882 1419 1941 tuisse
1439 1900 1520 1939 com·

192 1981 280 2040 mode
301 1992 426 2057 statuas,
451 2002 506 2043 nec
527 1983 670 2044 credibile
691 1994 738 2043 est
757 1984 882 2060 zephori
903 1984 1031 2042 alicuius
1053 2000 1119 2042 esse
1140 1983 1315 2060 inscriptam
1338 1993 1452 2060 partem
1475 1983 1521 2039 in·

192 2082 342 2155 seriorem,
365 2103 488 2144 vacuam
510 2086 646 2144 relictam
669 2086 863 2163 superiorem.
904 2085 1018 2144 Aedem
1040 2084 1131 2161 igitur
1151 2084 1236 2143 cuius
1258 2103 1338 2143 nunc
1359 2092 1523 2161 supersunt

193 2192 255 2244 tres
277 2184 434 2245 columnae
455 2194 581 2264 apparet
601 2187 696 2246 visam
717 2205 786 2246 ease
807 2188 845 2244 ab
867 2185 1072 2245 Eiusiedlensi
1094 2186 1139 2243 sic
1160 2186 1350 2262 inscriptamt

494 2320 572 2365 DIVO
586 2334 593 2350 ·
609 2321 802 2366 νΕδΡΑδΙΑΝΟ
817 2334 824 2350 ·
840 2318 990 2364 Avovsro
1005 2334 1013 2348 ·
1030 2319 1045 2362 S
1060 2333 1068 2348 ·
1083 2321 1099 2362 Ρ
1115 2333 1122 2348 ·
1139 2320 1218 2375 Qu

266 2422 335 2463 ttae?
350 2434 358 2450 ·
373 2420 466 2467 CAESS
480 2435 488 2450 ⁰
504 2421 636 2466 SEVERVS
650 2437 658 2453 ·
674 2424 729 2466 ΕΤ·
744 2420 933 2467 tutoremve
948 2434 956 2450 ·
971 2421 1008 2462 Pll
1024 2434 1032 2450 ·
1046 2419 1129 2463 fatte
1144 2433 1151 2447 ·
1166 2419 1244 2472 avoc
1259 2432 1266 2447 ·
1324 2418 1451 2462 smvta

192 2522 242 2581 lta
262 2525 380 2583 videtur
404 2526 628 2602 comprobatum
654 2543 722 2586 esse
743 2525 838 2585 fuisse
859 2525 937 2583 hanc
958 2522 1062 2582 aedem
1076 2521 1266 2598 Vespasiani.
1311 2519 1400 2595 Quod
1422 2521 1449 2580 si
1471 2540 1519 2580 re-

191 2644 257 2684 rum
279 2632 327 2687 est
348 2626 438 2687 simul
459 2626 650 2705 exploratum
671 2636 719 2687 est
739 2627 863 2686 alteram
885 2635 952 2685 octo
973 2624 1179 2684 columnarum
1200 2623 1294 2711 fuisse
1315 2619 1447 2683 Saturni.

755 2818 958 2828 ..——-—

842 2975 870 3034 2.

274 3093 425 3155 Grimaldi
450 3095 482 3153 in
503 3094 606 3155 codice
620 3095 767 3154 Vaticano
782 3093 863 3154 6438
886 3113 916 3170 p.
932 3093 1013 3154 4οΒ
1039 3093 1113 3153 haec
1134 3092 1253 3151 scribit:
1283 3089 1388 3161 Questo
1409 3106 1460 3147 ero
1479 3107 1518 3147 aa

189 3213 266 3271 pron
283 3215 370 3272 perro
392 3199 551 3256 dimonte
573 3215 626 3257 con
647 3198 743 3256 lettere
764 3199 851 3272 quasi
871 3196 1005 3266 cubitali,
1034 3203 1135 3255 cavato
1164 3192 1359 3251 t’annotata
1378 3190 1519 3249 telmeso

190 3298 223 3355 di
242 3297 347 3369 Marso
366 3298 446 3357 aelio
466 3299 563 3358 edissa
582 3300 614 3356 di
635 3298 729 3357 Senta
750 3297 853 3354 Maria
873 3315 948 3354 uoco
976 3295 1035 3370 [est
1056 3296 1147 3354 aedes
1170 3294 1208 3351 ad
1230 3294 1326 3351 sorum
1348 3292 1517 3349 Romanum

190 3396 258 3469 sita,
280 3418 357 3476 quae
377 3418 455 3459 nunc
470 3399 559 3475 vulgo
582 3400 691 3457 dicitur
706 3396 737 3457 S.
752 3396 930 3455 Franciscae
945 3394 1111 3469 Romanae]
1134 3395 1328 3469 dissacmdosi
1350 3392 1375 3449 le
1388 3391 1518 3466 cappella

186 3518 242 3574 per
261 3501 366 3575 nyorle
385 3506 416 3560 in
436 3502 551 3577 miqlior
565 3503 675 3577 formo,
698 3508 724 3557 et
738 3499 778 3574 sd
798 3506 907 3555 trovato
927 3496 997 3554 aelli
1011 3497 1192 3570 fondamenti
1213 3497 1245 3552 di
1266 3496 1338 3551 detta
1354 3491 1517 3567 cappelled

188 3618 273 3659 mano
300 3603 402 3661 diritto
426 3604 580 3672 eutrando,
606 3600 697 3658 dende
722 3602 749 3657 si
771 3602 830 3675 pao
857 3600 1045 3656 couiettorore
1069 3595 1119 3654 cle
1147 3597 1268 3653 servisse
1288 3604 1314 3653 et
1328 3596 1413 3670 satae
1427 3592 1516 3667 fraq-

188 3714 278 3763 meuto
299 3705 332 3763 di
350 3723 390 3762 ou
409 3705 573 3763 orobitrace
593 3703 640 3760 del
657 3703 771 3777 portico
792 3698 839 3757 del
859 3702 960 3774 tempto
981 3697 1060 3756 dello
1081 3696 1173 3754 Pace:
1186 3695 1216 3771 ¹)

721 3832 875 3877 §rasta
887 3833 908 3874 Ν
922 3818 955 3877 tt

720 3934 984 3978 navitus-mnu

719 4071 834 4115 EVERVS
849 4085 856 4099 ·
872 4071 909 4112 ΕΤ
922 4083 929 4098 ·
942 4071 984 4111 ΑΝ

188 4176 332 4238 Eiusdem
358 4176 491 4256 epistylii
514 4178 630 4237 videtur
657 4175 751 4235 luisse
776 4192 847 4253 pars
874 4174 912 4232 de
939 4190 1000 4250 qua
1026 4172 1110 4230 solus
1136 4178 1262 4231 testatur
1281 4166 1457 4226 Martianius
1482 4166 1515 4224 in

188 4278 404 4359 topographiae
425 4277 508 4338 urbis
522 4279 638 4338 Romae
659 4276 790 4335 editione
811 4275 891 4334 facta
911 4292 940 4332 a.
956 4272 1036 4332 1534
1057 4272 1173 4331 Romae
1194 4288 1248 4346 per
1262 4268 1428 4326 Antonium
1444 4265 1512 4323 Bla-

187 4379 260 4439 dum
280 4380 332 4439 lib.
347 4379 379 4438 11
400 4399 465 4457 cap.
480 4378 528 4437 1v
549 4380 596 4439 his
618 4379 732 4438 verbis:
758 4373 854 4435 ‘Hanc
876 4374 980 4434 aedem
1002 4370 1125 4433 Saturni
1145 4370 1272 4429 dicimus
1294 4368 1423 4445 positam
1445 4382 1515 4424 esse

183 4476 231 4540 ‘eo
257 4482 288 4539 in
315 4481 397 4554 loco,
424 4482 475 4540 ubi
502 4480 604 4558 paucis
632 4490 701 4540 ante
726 4479 813 4538 annis
841 4477 940 4533 iuerat
964 4494 1032 4534 cum
1054 4473 1129 4533 turri
1151 4471 1294 4531 sacellum
1316 4471 1513 4544 cognomento

185 4578 226 4643 ¹8.
242 4580 408 4643 Salvatoris
429 4582 460 4640 in
483 4583 622 4655 Aerario,
642 4582 818 4642 incumbens
839 4579 981 4658 hospitali
1004 4576 1036 4637 S.
1050 4574 1164 4633 Mariae
1184 4573 1216 4631 in
1237 4571 1368 4630 Porticu.
1405 4566 1512 4626 Turris

268 4774 293 4837 ¹)
320 4774 439 4826 Eandem
457 4774 651 4840 inscriptionem
670 4773 794 4824 exhibent
811 4773 850 4824 M.
868 4771 986 4821 Milesius
1005 4769 1032 4818 in
1051 4766 1140 4817 codice
1158 4761 1316 4814 Ferrariensi
1337 4761 1361 4821 1,
1376 4760 1443 4818 344,
1469 4758 1513 4822 qui

186 4868 250 4917 dicit
267 4880 323 4919 ease
341 4867 433 4918 litteris
451 4866 591 4917 maioribus
610 4871 739 4930 repertam
756 4866 784 4915 ln
803 4863 912 4914 ecclesia
929 4862 957 4915 S.
970 4860 1071 4910 Mariae
1083 4858 1173 4908 Norae
1192 4868 1272 4919 prope
1291 4852 1414 4916 templum
1427 4849 1512 4910 Pacis,

186 4966 213 5010 et
228 4958 340 5010 schedae
351 4958 434 5009 Donii
451 4958 478 5009 in
491 4957 581 5008 codice
592 4956 779 5008 ldarucelllano
797 4954 892 5007 Δ193
911 4969 937 5019 p.
952 4952 1005 5002 213
1025 4950 1068 5015 qui
1086 4947 1149 4998 dicit
1162 4960 1217 4997 esse
1230 4944 1384 5008 descriptam
1403 4957 1427 4992 a
1440 4941 1511 4991 1613

185 5050 214 5101 ln
232 5050 325 5101 veteris
348 5046 459 5116 epistylii
481 5048 626 5115 trngmeruo
646 5054 707 5101 ante
723 5046 848 5114 templum
864 5044 943 5097 Pacis
960 5045 1067 5097 iacente.
1103 5040 1232 5106 Exempla
1249 5035 1363 5105 paullum
1381 5033 1510 5093 mserum,

185 5142 286 5197 hal
305 5152 422 5195 extremo
440 5126 962 5209 Doniusreeteutopinorlnnbetttls.
