<?xml version="1.0" encoding="UTF-8"?>
<!DOCTYPE html PUBLIC "-//W3C//DTD XHTML 1.0 Transitional//EN"
    "http://www.w3.org/TR/xhtml1/DTD/xhtml1-transitional.dtd">
<html xmlns="http://www.w3.org/1999/xhtml" xml:lang="en" lang="en">
 <head>
  <title>
</title>
<meta http-equiv="Content-Type" content="text/html;charset=utf-8" />
  <meta name='ocr-system' content='tesseract 3.04.00' />
  <meta name='ocr-capabilities' content='ocr_page ocr_carea ocr_par ocr_line ocrx_word'/>
</head>
<body>
  <div class='ocr_page' id='page_1' title='image "./ephemerisepigra07instgoog/ephemerisepigra07instgoog_0112.png"; bbox 0 0 3480 5804; ppageno 0'>
   <div class='ocr_carea' id='block_1_1' title="bbox 280 1529 1598 1840">
    <p class='ocr_par' dir='ltr' id='par_1_1' title="bbox 280 1529 1598 1840">
     <span class='ocr_line' id='line_1_1' title="bbox 280 1529 1598 1647; baseline -0.002 -3"><span class='ocrx_word' id='word_1_1' title='bbox 280 1535 352 1645; x_wconf 85' lang='lat' dir='ltr'>llo</span> <span class='ocrx_word' id='word_1_2' title='bbox 393 1531 561 1645; x_wconf 91' lang='lat' dir='ltr'>titulis</span> <span class='ocrx_word' id='word_1_3' title='bbox 603 1531 861 1647; x_wconf 83' lang='lat' dir='ltr'>nonnullis</span> <span class='ocrx_word' id='word_1_4' title='bbox 898 1529 1082 1644; x_wconf 84' lang='lat' dir='ltr'>Atticis</span> <span class='ocrx_word' id='word_1_5' title='bbox 1126 1530 1189 1643; x_wconf 84' lang='lat' dir='ltr'>od</span> <span class='ocrx_word' id='word_1_6' title='bbox 1225 1563 1309 1643; x_wconf 90' lang='lat' dir='ltr'>res</span> <span class='ocrx_word' id='word_1_7' title='bbox 1347 1531 1598 1643; x_wconf 82' lang='lat' dir='ltr'>Romanas</span> 
     </span>
     <span class='ocr_line' id='line_1_2' title="bbox 763 1703 1121 1840; baseline 0.003 -26"><span class='ocrx_word' id='word_1_8' title='bbox 763 1703 1121 1840; x_wconf 74' lang='lat' dir='ltr'>spectantibus,</span> 
     </span>
    </p>
   </div>
   <div class='ocr_carea' id='block_1_2' title="bbox 274 2200 1667 4197">
    <p class='ocr_par' dir='ltr' id='par_1_2' title="bbox 279 2200 1605 2484">
     <span class='ocr_line' id='line_1_3' title="bbox 365 2200 1604 2282; baseline -0.002 -20"><span class='ocrx_word' id='word_1_9' title='bbox 365 2207 391 2262; x_wconf 94' lang='lat' dir='ltr'>l.</span> <span class='ocrx_word' id='word_1_10' title='bbox 432 2206 469 2263; x_wconf 91' lang='lat' dir='ltr'>In</span> <span class='ocrx_word' id='word_1_11' title='bbox 489 2205 690 2282; x_wconf 81' lang='lat' dir='ltr'>Ephemeride</span> <span class='ocrx_word' id='word_1_12' title='bbox 715 2203 944 2281; x_wconf 80' lang='lat' dir='ltr'>archaeologica</span> <span class='ocrx_word' id='word_1_13' title='bbox 964 2204 1144 2264; x_wconf 82' lang='lat' dir='ltr'>Atheniensi</span> <span class='ocrx_word' id='word_1_14' title='bbox 1170 2222 1215 2263; x_wconf 89' lang='lat' dir='ltr'>nr.</span> <span class='ocrx_word' id='word_1_15' title='bbox 1233 2203 1293 2262; x_wconf 86' lang='grc'>750</span> <span class='ocrx_word' id='word_1_16' title='bbox 1319 2200 1498 2262; x_wconf 77' lang='lat' dir='ltr'>Pittalrisius</span> <span class='ocrx_word' id='word_1_17' title='bbox 1524 2201 1604 2260; x_wconf 88' lang='lat' dir='ltr'>hunc</span> 
     </span>
     <span class='ocr_line' id='line_1_4' title="bbox 279 2302 1605 2384; baseline -0.004 -20"><span class='ocrx_word' id='word_1_18' title='bbox 279 2306 399 2364; x_wconf 89' lang='lat' dir='ltr'>titulum</span> <span class='ocrx_word' id='word_1_19' title='bbox 423 2306 530 2378; x_wconf 84' lang='lat' dir='ltr'>edidit,</span> <span class='ocrx_word' id='word_1_20' title='bbox 555 2307 728 2384; x_wconf 86' lang='lat' dir='ltr'>inscriptum</span> <span class='ocrx_word' id='word_1_21' title='bbox 755 2305 822 2364; x_wconf 81' lang='lat' dir='ltr'>basi</span> <span class='ocrx_word' id='word_1_22' title='bbox 848 2305 1006 2364; x_wconf 82' lang='lat' dir='ltr'>marmoris</span> <span class='ocrx_word' id='word_1_23' title='bbox 1027 2305 1173 2382; x_wconf 84' lang='lat' dir='ltr'>Hymettii</span> <span class='ocrx_word' id='word_1_24' title='bbox 1199 2307 1230 2363; x_wconf 92' lang='lat' dir='ltr'>in</span> <span class='ocrx_word' id='word_1_25' title='bbox 1257 2306 1332 2365; x_wconf 85' lang='lat' dir='ltr'>duas</span> <span class='ocrx_word' id='word_1_26' title='bbox 1361 2311 1462 2381; x_wconf 85' lang='lat' dir='ltr'>partes</span> <span class='ocrx_word' id='word_1_27' title='bbox 1483 2302 1605 2371; x_wconf 82' lang='lat' dir='ltr'>fractae,</span> 
     </span>
     <span class='ocr_line' id='line_1_5' title="bbox 279 2406 1060 2484; baseline -0.001 -20"><span class='ocrx_word' id='word_1_28' title='bbox 279 2408 417 2467; x_wconf 87' lang='lat' dir='ltr'>inventae</span> <span class='ocrx_word' id='word_1_29' title='bbox 437 2409 669 2484; x_wconf 76' lang='lat' dir='ltr'>septentrionem</span> <span class='ocrx_word' id='word_1_30' title='bbox 690 2424 796 2466; x_wconf 86' lang='lat' dir='ltr'>versus</span> <span class='ocrx_word' id='word_1_31' title='bbox 817 2424 837 2463; x_wconf 90' lang='lat' dir='ltr'>a</span> <span class='ocrx_word' id='word_1_32' title='bbox 857 2406 1060 2466; x_wconf 83' lang='lat' dir='ltr'>Parthenone:</span> 
     </span>
    </p>

    <p class='ocr_par' dir='ltr' id='par_1_3' title="bbox 870 2501 1016 2578">
     <span class='ocr_line' id='line_1_6' title="bbox 870 2501 1016 2578; baseline 0.048 -15"><span class='ocrx_word' id='word_1_33' title='bbox 870 2504 906 2563; x_wconf 85' lang='lat'>‘0</span> <span class='ocrx_word' id='word_1_34' title='bbox 928 2501 1016 2578; x_wconf 69' lang='grc' dir='ltr'>δῆμος</span> 
     </span>
    </p>

    <p class='ocr_par' dir='ltr' id='par_1_4' title="bbox 747 2597 1138 2690">
     <span class='ocr_line' id='line_1_7' title="bbox 747 2597 1138 2690; baseline -0.003 -25"><span class='ocrx_word' id='word_1_35' title='bbox 747 2608 862 2690; x_wconf 71' lang='grc' dir='ltr'><em>Μᾶρκον</em></span> <span class='ocrx_word' id='word_1_36' title='bbox 883 2599 1000 2665; x_wconf 64' lang='grc' dir='ltr'>Λικίνιον</span> <span class='ocrx_word' id='word_1_37' title='bbox 1020 2597 1138 2690; x_wconf 71' lang='grc' dir='ltr'><em>Μάρκου</em></span> 
     </span>
    </p>

    <p class='ocr_par' dir='ltr' id='par_1_5' title="bbox 747 2696 1142 2790">
     <span class='ocr_line' id='line_1_8' title="bbox 747 2696 1142 2790; baseline -0.003 -24"><span class='ocrx_word' id='word_1_38' title='bbox 747 2702 797 2766; x_wconf 73' lang='grc' dir='ltr'>δᾶν</span> <span class='ocrx_word' id='word_1_39' title='bbox 817 2696 950 2790; x_wconf 72' lang='grc' dir='ltr'><strong><em>Κρᾶτσον</em></strong></span> <span class='ocrx_word' id='word_1_40' title='bbox 970 2699 1142 2765; x_wconf 61' lang='grc' dir='ltr'><em>ἀνθύπατον</em></span> 
     </span>
    </p>

    <p class='ocr_par' dir='ltr' id='par_1_6' title="bbox 746 2797 1128 2891">
     <span class='ocr_line' id='line_1_9' title="bbox 746 2797 1128 2891; baseline 0.013 -27"><span class='ocrx_word' id='word_1_41' title='bbox 746 2797 795 2864; x_wconf 59' lang='grc' dir='ltr'>καὶ</span> <span class='ocrx_word' id='word_1_42' title='bbox 816 2799 1008 2891; x_wconf 68' lang='grc' dir='ltr'>αὐτοκράτορα</span> <span class='ocrx_word' id='word_1_43' title='bbox 1028 2803 1128 2891; x_wconf 70' lang='grc' dir='ltr'><strong><em>ἀρετῆς</em></strong></span> 
     </span>
    </p>

    <p class='ocr_par' dir='ltr' id='par_1_7' title="bbox 274 2897 1667 4197">
     <span class='ocr_line' id='line_1_10' title="bbox 748 2897 1078 2986; baseline 0.003 -21"><span class='ocrx_word' id='word_1_44' title='bbox 748 2898 838 2965; x_wconf 68' lang='grc' dir='ltr'><strong><em>ἕνεκεν</em></strong></span> <span class='ocrx_word' id='word_1_45' title='bbox 858 2897 939 2986; x_wconf 66' lang='grc' dir='ltr'>κ[α]ἶ</span> <span class='ocrx_word' id='word_1_46' title='bbox 961 2901 1078 2968; x_wconf 60' lang='lat' dir='ltr'>advolas.</span> 
     </span>
     <span class='ocr_line' id='line_1_11' title="bbox 279 3008 1603 3088; baseline -0.001 -19"><span class='ocrx_word' id='word_1_47' title='bbox 279 3011 340 3086; x_wconf 83' lang='lat' dir='ltr'>Qui</span> <span class='ocrx_word' id='word_1_48' title='bbox 362 3013 467 3070; x_wconf 89' lang='lat' dir='ltr'>titulus</span> <span class='ocrx_word' id='word_1_49' title='bbox 489 3013 527 3069; x_wconf 90' lang='lat' dir='ltr'>ad</span> <span class='ocrx_word' id='word_1_50' title='bbox 549 3030 638 3088; x_wconf 89' lang='lat' dir='ltr'>quem</span> <span class='ocrx_word' id='word_1_51' title='bbox 659 3010 809 3069; x_wconf 89' lang='lat' dir='ltr'>hominem</span> <span class='ocrx_word' id='word_1_52' title='bbox 830 3009 1003 3069; x_wconf 78' lang='lat' dir='ltr'>referendus</span> <span class='ocrx_word' id='word_1_53' title='bbox 1026 3010 1080 3082; x_wconf 90' lang='lat' dir='ltr'>sit,</span> <span class='ocrx_word' id='word_1_54' title='bbox 1102 3008 1233 3068; x_wconf 88' lang='lat' dir='ltr'>dubitari</span> <span class='ocrx_word' id='word_1_55' title='bbox 1254 3010 1306 3068; x_wconf 86' lang='lat' dir='ltr'>vix</span> <span class='ocrx_word' id='word_1_56' title='bbox 1327 3018 1436 3087; x_wconf 88' lang='lat' dir='ltr'>potest</span> <span class='ocrx_word' id='word_1_57' title='bbox 1480 3008 1603 3069; x_wconf 85' lang='lat' dir='ltr'>Certum</span> 
     </span>
     <span class='ocr_line' id='line_1_12' title="bbox 276 3106 1667 3188; baseline -0.002 -17"><span class='ocrx_word' id='word_1_58' title='bbox 276 3120 332 3186; x_wconf 87' lang='lat' dir='ltr'>est,</span> <span class='ocrx_word' id='word_1_59' title='bbox 353 3131 420 3171; x_wconf 89' lang='lat' dir='ltr'>eum</span> <span class='ocrx_word' id='word_1_60' title='bbox 441 3131 521 3170; x_wconf 88' lang='lat' dir='ltr'>anno</span> <span class='ocrx_word' id='word_1_61' title='bbox 537 3113 596 3172; x_wconf 84' lang='grc'>775</span> <span class='ocrx_word' id='word_1_62' title='bbox 612 3131 640 3170; x_wconf 83' lang='grc' dir='ltr'>ιι.</span> <span class='ocrx_word' id='word_1_63' title='bbox 656 3131 681 3170; x_wconf 89' lang='lat' dir='ltr'>c.</span> <span class='ocrx_word' id='word_1_64' title='bbox 705 3110 758 3187; x_wconf 81' lang='lat'>(22</span> <span class='ocrx_word' id='word_1_65' title='bbox 774 3129 802 3186; x_wconf 90' lang='lat' dir='ltr'>p.</span> <span class='ocrx_word' id='word_1_66' title='bbox 819 3108 906 3186; x_wconf 75' lang='lat' dir='ltr'>(ihr.)</span> <span class='ocrx_word' id='word_1_67' title='bbox 928 3111 1123 3188; x_wconf 84' lang='lat' dir='ltr'>posteriorem</span> <span class='ocrx_word' id='word_1_68' title='bbox 1146 3129 1206 3169; x_wconf 90' lang='lat' dir='ltr'>non</span> <span class='ocrx_word' id='word_1_69' title='bbox 1227 3127 1309 3183; x_wconf 79' lang='lat' dir='ltr'>csse3</span> <span class='ocrx_word' id='word_1_70' title='bbox 1329 3111 1400 3170; x_wconf 91' lang='lat' dir='ltr'>inde</span> <span class='ocrx_word' id='word_1_71' title='bbox 1419 3111 1457 3169; x_wconf 89' lang='lat' dir='ltr'>ab</span> <span class='ocrx_word' id='word_1_72' title='bbox 1471 3130 1507 3169; x_wconf 90' lang='lat' dir='ltr'>eo</span> <span class='ocrx_word' id='word_1_73' title='bbox 1523 3129 1602 3169; x_wconf 88' lang='lat' dir='ltr'>anno</span> <span class='ocrx_word' id='word_1_74' title='bbox 1664 3106 1667 3111; x_wconf 73' lang='grc'><strong>’</strong></span> 
     </span>
     <span class='ocr_line' id='line_1_13' title="bbox 277 3211 1602 3299; baseline -0.002 -26"><span class='ocrx_word' id='word_1_75' title='bbox 277 3215 356 3273; x_wconf 87' lang='lat' dir='ltr'>enim</span> <span class='ocrx_word' id='word_1_76' title='bbox 382 3214 529 3271; x_wconf 87' lang='lat' dir='ltr'>neminem</span> <span class='ocrx_word' id='word_1_77' title='bbox 555 3213 705 3288; x_wconf 85' lang='lat' dir='ltr'>privatum</span> <span class='ocrx_word' id='word_1_78' title='bbox 731 3211 920 3288; x_wconf 85' lang='lat' dir='ltr'>imperatoris</span> <span class='ocrx_word' id='word_1_79' title='bbox 947 3211 1093 3270; x_wconf 86' lang='lat' dir='ltr'>vocabulo</span> <span class='ocrx_word' id='word_1_80' title='bbox 1120 3217 1259 3270; x_wconf 87' lang='lat' dir='ltr'>ornatum</span> <span class='ocrx_word' id='word_1_81' title='bbox 1286 3229 1354 3271; x_wconf 85' lang='lat' dir='ltr'>esse</span> <span class='ocrx_word' id='word_1_82' title='bbox 1379 3219 1506 3299; x_wconf 79' lang='lat' dir='ltr'>constat.</span> <span class='ocrx_word' id='word_1_83' title='bbox 1552 3213 1602 3270; x_wconf 82' lang='lat' dir='ltr'>Ex</span> 
     </span>
     <span class='ocr_line' id='line_1_14' title="bbox 276 3310 1602 3391; baseline -0.001 -17"><span class='ocrx_word' id='word_1_84' title='bbox 276 3316 373 3374; x_wconf 85' lang='lat' dir='ltr'>altera</span> <span class='ocrx_word' id='word_1_85' title='bbox 399 3323 484 3391; x_wconf 80' lang='lat' dir='ltr'>parte</span> <span class='ocrx_word' id='word_1_86' title='bbox 511 3313 662 3390; x_wconf 82' lang='lat' dir='ltr'>antiquior</span> <span class='ocrx_word' id='word_1_87' title='bbox 688 3313 738 3370; x_wconf 85' lang='lat' dir='ltr'>vix</span> <span class='ocrx_word' id='word_1_88' title='bbox 765 3313 856 3371; x_wconf 87' lang='lat' dir='ltr'>fuerit</span> <span class='ocrx_word' id='word_1_89' title='bbox 882 3331 960 3371; x_wconf 86' lang='lat' dir='ltr'>anno</span> <span class='ocrx_word' id='word_1_90' title='bbox 983 3311 1044 3370; x_wconf 77' lang='lat'>724</span> <span class='ocrx_word' id='word_1_91' title='bbox 1064 3330 1093 3371; x_wconf 85' lang='lat' dir='ltr'>u.</span> <span class='ocrx_word' id='word_1_92' title='bbox 1112 3330 1138 3370; x_wconf 89' lang='lat' dir='ltr'>c.</span> <span class='ocrx_word' id='word_1_93' title='bbox 1161 3311 1220 3387; x_wconf 85' lang='lat'>(30</span> <span class='ocrx_word' id='word_1_94' title='bbox 1239 3331 1267 3372; x_wconf 90' lang='lat' dir='ltr'>a.</span> <span class='ocrx_word' id='word_1_95' title='bbox 1289 3310 1385 3389; x_wconf 70' lang='lat' dir='ltr'>cun).</span> <span class='ocrx_word' id='word_1_96' title='bbox 1427 3312 1498 3371; x_wconf 91' lang='lat' dir='ltr'>Non</span> <span class='ocrx_word' id='word_1_97' title='bbox 1523 3314 1602 3373; x_wconf 90' lang='lat' dir='ltr'>enim</span> 
     </span>
     <span class='ocr_line' id='line_1_15' title="bbox 276 3411 1602 3493; baseline -0.001 -19"><span class='ocrx_word' id='word_1_98' title='bbox 276 3424 428 3493; x_wconf 87' lang='lat' dir='ltr'>comparet</span> <span class='ocrx_word' id='word_1_99' title='bbox 453 3423 522 3474; x_wconf 84' lang='lat' dir='ltr'>ante</span> <span class='ocrx_word' id='word_1_100' title='bbox 549 3433 616 3473; x_wconf 91' lang='lat' dir='ltr'>eum</span> <span class='ocrx_word' id='word_1_101' title='bbox 643 3432 753 3472; x_wconf 91' lang='lat' dir='ltr'>annum</span> <span class='ocrx_word' id='word_1_102' title='bbox 779 3415 810 3473; x_wconf 93' lang='lat' dir='ltr'>in</span> <span class='ocrx_word' id='word_1_103' title='bbox 831 3413 917 3472; x_wconf 82' lang='lat' dir='ltr'>lastis</span> <span class='ocrx_word' id='word_1_104' title='bbox 938 3413 1146 3473; x_wconf 83' lang='lat' dir='ltr'>consularibus</span> <span class='ocrx_word' id='word_1_105' title='bbox 1167 3412 1209 3471; x_wconf 86' lang='lat' dir='ltr'>M.</span> <span class='ocrx_word' id='word_1_106' title='bbox 1232 3411 1363 3473; x_wconf 84' lang='lat' dir='ltr'>Crassus</span> <span class='ocrx_word' id='word_1_107' title='bbox 1384 3414 1425 3471; x_wconf 84' lang='lat' dir='ltr'>M.</span> <span class='ocrx_word' id='word_1_108' title='bbox 1447 3414 1468 3472; x_wconf 82' lang='grc'><strong>1.</strong></span> <span class='ocrx_word' id='word_1_109' title='bbox 1513 3412 1602 3488; x_wconf 82' lang='lat' dir='ltr'>Quod</span> 
     </span>
     <span class='ocr_line' id='line_1_16' title="bbox 276 3514 1601 3593; baseline -0.002 -17"><span class='ocrx_word' id='word_1_110' title='bbox 276 3519 302 3577; x_wconf 92' lang='lat' dir='ltr'>si</span> <span class='ocrx_word' id='word_1_111' title='bbox 324 3519 392 3593; x_wconf 89' lang='lat' dir='ltr'>quis</span> <span class='ocrx_word' id='word_1_112' title='bbox 413 3516 534 3588; x_wconf 83' lang='lat' dir='ltr'>dixerit,</span> <span class='ocrx_word' id='word_1_113' title='bbox 556 3535 623 3573; x_wconf 89' lang='lat' dir='ltr'>enm</span> <span class='ocrx_word' id='word_1_114' title='bbox 644 3514 694 3590; x_wconf 90' lang='lat' dir='ltr'>qni</span> <span class='ocrx_word' id='word_1_115' title='bbox 716 3534 771 3592; x_wconf 90' lang='lat' dir='ltr'>pro</span> <span class='ocrx_word' id='word_1_116' title='bbox 793 3515 918 3574; x_wconf 90' lang='lat' dir='ltr'>consule</span> <span class='ocrx_word' id='word_1_117' title='bbox 939 3514 987 3587; x_wconf 84' lang='lat' dir='ltr'>sit,</span> <span class='ocrx_word' id='word_1_118' title='bbox 1009 3534 1047 3572; x_wconf 90' lang='lat' dir='ltr'>ne</span> <span class='ocrx_word' id='word_1_119' title='bbox 1067 3514 1179 3574; x_wconf 78' lang='lat' dir='ltr'>liberae</span> <span class='ocrx_word' id='word_1_120' title='bbox 1193 3514 1314 3590; x_wconf 88' lang='lat' dir='ltr'>quidem</span> <span class='ocrx_word' id='word_1_121' title='bbox 1328 3515 1512 3591; x_wconf 78' lang='lat' dir='ltr'>reipublicae</span> <span class='ocrx_word' id='word_1_122' title='bbox 1527 3521 1601 3574; x_wconf 89' lang='lat' dir='ltr'>tem-</span> 
     </span>
     <span class='ocr_line' id='line_1_17' title="bbox 276 3614 1600 3695; baseline -0.001 -19"><span class='ocrx_word' id='word_1_123' title='bbox 276 3637 349 3695; x_wconf 87' lang='lat' dir='ltr'>pore</span> <span class='ocrx_word' id='word_1_124' title='bbox 369 3636 487 3693; x_wconf 83' lang='lat' dir='ltr'>semper</span> <span class='ocrx_word' id='word_1_125' title='bbox 508 3616 695 3675; x_wconf 87' lang='lat' dir='ltr'>consularem</span> <span class='ocrx_word' id='word_1_126' title='bbox 716 3632 795 3686; x_wconf 90' lang='lat' dir='ltr'>esse,</span> <span class='ocrx_word' id='word_1_127' title='bbox 817 3615 871 3675; x_wconf 88' lang='lat' dir='ltr'>sed</span> <span class='ocrx_word' id='word_1_128' title='bbox 891 3615 981 3674; x_wconf 88' lang='lat' dir='ltr'>etiam</span> <span class='ocrx_word' id='word_1_129' title='bbox 1003 3615 1072 3673; x_wconf 86' lang='lat' dir='ltr'>eliis</span> <span class='ocrx_word' id='word_1_130' title='bbox 1089 3615 1260 3673; x_wconf 89' lang='lat' dir='ltr'>hominibus</span> <span class='ocrx_word' id='word_1_131' title='bbox 1274 3614 1325 3690; x_wconf 89' lang='lat' dir='ltr'>qui</span> <span class='ocrx_word' id='word_1_132' title='bbox 1340 3615 1502 3690; x_wconf 85' lang='lat' dir='ltr'>provinciis</span> <span class='ocrx_word' id='word_1_133' title='bbox 1515 3635 1600 3692; x_wconf 89' lang='lat' dir='ltr'>prae-</span> 
     </span>
     <span class='ocr_line' id='line_1_18' title="bbox 276 3715 1599 3794; baseline -0.001 -18"><span class='ocrx_word' id='word_1_134' title='bbox 276 3719 350 3790; x_wconf 90' lang='lat' dir='ltr'>sint,</span> <span class='ocrx_word' id='word_1_135' title='bbox 375 3717 590 3793; x_wconf 81' lang='lat' dir='ltr'>proconsulare</span> <span class='ocrx_word' id='word_1_136' title='bbox 615 3715 771 3791; x_wconf 89' lang='lat' dir='ltr'>imperium</span> <span class='ocrx_word' id='word_1_137' title='bbox 792 3733 1004 3792; x_wconf 86' lang='lat' dir='ltr'>nonuunquam</span> <span class='ocrx_word' id='word_1_138' title='bbox 1026 3715 1116 3773; x_wconf 86' lang='lat' dir='ltr'>tribui</span> <span class='ocrx_word' id='word_1_139' title='bbox 1137 3715 1479 3792; x_wconf 80' lang='lat' dir='ltr'>(Becker-Marquardt,</span> <span class='ocrx_word' id='word_1_140' title='bbox 1506 3717 1599 3794; x_wconf 82' lang='lat' dir='ltr'>antiq.</span> 
     </span>
     <span class='ocr_line' id='line_1_19' title="bbox 274 3813 1602 3892; baseline -0.001 -15"><span class='ocrx_word' id='word_1_141' title='bbox 274 3818 363 3877; x_wconf 89' lang='lat' dir='ltr'>Rom.</span> <span class='ocrx_word' id='word_1_142' title='bbox 384 3817 445 3887; x_wconf 91' lang='lat'>111,</span> <span class='ocrx_word' id='word_1_143' title='bbox 466 3819 481 3874; x_wconf 96' lang='lat'>1</span> <span class='ocrx_word' id='word_1_144' title='bbox 505 3837 534 3892; x_wconf 89' lang='lat' dir='ltr'>p.</span> <span class='ocrx_word' id='word_1_145' title='bbox 552 3815 641 3890; x_wconf 80' lang='lat'>276),</span> <span class='ocrx_word' id='word_1_146' title='bbox 668 3814 867 3892; x_wconf 75' lang='lat' dir='ltr'>reputandum</span> <span class='ocrx_word' id='word_1_147' title='bbox 893 3825 954 3887; x_wconf 89' lang='lat' dir='ltr'>est,</span> <span class='ocrx_word' id='word_1_148' title='bbox 981 3823 1099 3892; x_wconf 83' lang='lat' dir='ltr'>praeter</span> <span class='ocrx_word' id='word_1_149' title='bbox 1119 3816 1155 3874; x_wconf 90' lang='lat' dir='ltr'>P.</span> <span class='ocrx_word' id='word_1_150' title='bbox 1178 3813 1348 3891; x_wconf 82' lang='lat' dir='ltr'>Scipionem</span> <span class='ocrx_word' id='word_1_151' title='bbox 1370 3817 1544 3876; x_wconf 84' lang='lat' dir='ltr'>Africanum</span> <span class='ocrx_word' id='word_1_152' title='bbox 1571 3828 1602 3876; x_wconf 86' lang='lat' dir='ltr'>et</span> 
     </span>
     <span class='ocr_line' id='line_1_20' title="bbox 276 3914 1600 3993; baseline -0.001 -15"><span class='ocrx_word' id='word_1_153' title='bbox 276 3917 331 3978; x_wconf 88' lang='lat' dir='ltr'>Cn.</span> <span class='ocrx_word' id='word_1_154' title='bbox 353 3917 528 3993; x_wconf 88' lang='lat' dir='ltr'>Pompeium</span> <span class='ocrx_word' id='word_1_155' title='bbox 545 3917 697 3992; x_wconf 81' lang='lat' dir='ltr'>Magnum,</span> <span class='ocrx_word' id='word_1_156' title='bbox 720 3935 847 3992; x_wconf 88' lang='lat' dir='ltr'>quorum</span> <span class='ocrx_word' id='word_1_157' title='bbox 868 3933 959 3974; x_wconf 79' lang='lat' dir='ltr'>causa</span> <span class='ocrx_word' id='word_1_158' title='bbox 979 3914 1068 3991; x_wconf 81' lang='lat' dir='ltr'>plane</span> <span class='ocrx_word' id='word_1_159' title='bbox 1090 3914 1250 3991; x_wconf 83' lang='lat' dir='ltr'>singularis</span> <span class='ocrx_word' id='word_1_160' title='bbox 1272 3926 1329 3989; x_wconf 85' lang='lat' dir='ltr'>est,</span> <span class='ocrx_word' id='word_1_161' title='bbox 1350 3927 1430 3976; x_wconf 87' lang='lat' dir='ltr'>certe</span> <span class='ocrx_word' id='word_1_162' title='bbox 1451 3918 1600 3977; x_wconf 86' lang='lat' dir='ltr'>neminem</span> 
     </span>
     <span class='ocr_line' id='line_1_21' title="bbox 275 4006 1600 4095; baseline 0.001 -19"><span class='ocrx_word' id='word_1_163' title='bbox 275 4019 334 4077; x_wconf 93' lang='lat' dir='ltr'>nisi</span> <span class='ocrx_word' id='word_1_164' title='bbox 355 4016 537 4095; x_wconf 82' lang='lat' dir='ltr'>praetorium</span> <span class='ocrx_word' id='word_1_165' title='bbox 557 4015 766 4092; x_wconf 82' lang='lat' dir='ltr'>proconsulem</span> <span class='ocrx_word' id='word_1_166' title='bbox 787 4016 889 4073; x_wconf 83' lang='lat' dir='ltr'>fnisse.</span> <span class='ocrx_word' id='word_1_167' title='bbox 926 4015 1101 4074; x_wconf 79' lang='lat' dir='ltr'>Praetorem</span> <span class='ocrx_word' id='word_1_168' title='bbox 1121 4006 1165 4075; x_wconf 56' lang='grc' dir='ltr'>Μ,</span> <span class='ocrx_word' id='word_1_169' title='bbox 1179 4014 1322 4076; x_wconf 82' lang='lat' dir='ltr'>Crassum</span> <span class='ocrx_word' id='word_1_170' title='bbox 1344 4014 1451 4077; x_wconf 81' lang='lat' dir='ltr'>Cicero</span> <span class='ocrx_word' id='word_1_171' title='bbox 1472 4037 1600 4078; x_wconf 90' lang='lat' dir='ltr'>comme-</span> 
     </span>
     <span class='ocr_line' id='line_1_22' title="bbox 274 4108 1599 4197; baseline 0.001 -18"><span class='ocrx_word' id='word_1_172' title='bbox 274 4127 373 4179; x_wconf 82' lang='lat' dir='ltr'>moret</span> <span class='ocrx_word' id='word_1_173' title='bbox 393 4118 430 4175; x_wconf 89' lang='lat' dir='ltr'>de</span> <span class='ocrx_word' id='word_1_174' title='bbox 451 4137 494 4175; x_wconf 92' lang='lat' dir='ltr'>or.</span> <span class='ocrx_word' id='word_1_175' title='bbox 517 4115 708 4190; x_wconf 79' lang='lat'>1,36‚166;</span> <span class='ocrx_word' id='word_1_176' title='bbox 737 4126 769 4176; x_wconf 89' lang='lat' dir='ltr'>at</span> <span class='ocrx_word' id='word_1_177' title='bbox 789 4135 859 4175; x_wconf 88' lang='lat' dir='ltr'>num</span> <span class='ocrx_word' id='word_1_178' title='bbox 879 4118 907 4176; x_wconf 92' lang='lat' dir='ltr'>is</span> <span class='ocrx_word' id='word_1_179' title='bbox 928 4115 1022 4176; x_wconf 77' lang='lat' dir='ltr'>Marci</span> <span class='ocrx_word' id='word_1_180' title='bbox 1042 4115 1124 4176; x_wconf 87' lang='lat' dir='ltr'>filius</span> <span class='ocrx_word' id='word_1_181' title='bbox 1144 4117 1236 4177; x_wconf 81' lang='lat' dir='ltr'>luerit</span> <span class='ocrx_word' id='word_1_182' title='bbox 1256 4118 1343 4177; x_wconf 78' lang='lat' dir='ltr'>valde</span> <span class='ocrx_word' id='word_1_183' title='bbox 1364 4108 1485 4178; x_wconf 86' lang='lat' dir='ltr'>dubium</span> <span class='ocrx_word' id='word_1_184' title='bbox 1506 4116 1599 4197; x_wconf 88' lang='lat' dir='ltr'>cst¹)</span> 
     </span>
    </p>
   </div>
   <div class='ocr_carea' id='block_1_3' title="bbox 274 4261 478 4276">
    <p class='ocr_par' dir='ltr' id='par_1_8' title="bbox 274 4261 478 4276">
     <span class='ocr_line' id='line_1_23' title="bbox 274 4261 478 4276; baseline -0.005 0"><span class='ocrx_word' id='word_1_185' title='bbox 274 4261 478 4276; x_wconf 44' lang='grc' dir='ltr'><em>...υ-ῥ-</em></span> 
     </span>
    </p>
   </div>
   <div class='ocr_carea' id='block_1_4' title="bbox 273 4362 1598 5150">
    <p class='ocr_par' dir='ltr' id='par_1_9' title="bbox 273 4362 1598 5150">
     <span class='ocr_line' id='line_1_24' title="bbox 351 4362 1598 4431; baseline 0 -15"><span class='ocrx_word' id='word_1_186' title='bbox 351 4365 375 4430; x_wconf 85' lang='grc'>1)</span> <span class='ocrx_word' id='word_1_187' title='bbox 401 4366 452 4416; x_wconf 82' lang='grc'><strong>1110</strong></span> <span class='ocrx_word' id='word_1_188' title='bbox 470 4365 529 4416; x_wconf 90' lang='lat' dir='ltr'>loeo</span> <span class='ocrx_word' id='word_1_189' title='bbox 541 4365 571 4415; x_wconf 84' lang='lat' dir='ltr'>L.</span> <span class='ocrx_word' id='word_1_190' title='bbox 585 4363 693 4415; x_wconf 85' lang='lat' dir='ltr'>Crassus</span> <span class='ocrx_word' id='word_1_191' title='bbox 710 4369 799 4414; x_wconf 78' lang='lat' dir='ltr'>oretor</span> <span class='ocrx_word' id='word_1_192' title='bbox 816 4362 990 4415; x_wconf 78' lang='lat' dir='ltr'>nobilissimus</span> <span class='ocrx_word' id='word_1_193' title='bbox 1009 4371 1097 4414; x_wconf 77' lang='lat' dir='ltr'>narrat</span> <span class='ocrx_word' id='word_1_194' title='bbox 1115 4379 1181 4429; x_wconf 90' lang='lat' dir='ltr'>qnae</span> <span class='ocrx_word' id='word_1_195' title='bbox 1193 4365 1221 4414; x_wconf 93' lang='lat' dir='ltr'>in</span> <span class='ocrx_word' id='word_1_196' title='bbox 1233 4365 1329 4415; x_wconf 86' lang='lat' dir='ltr'>iudicio</span> <span class='ocrx_word' id='word_1_197' title='bbox 1343 4365 1412 4431; x_wconf 74' lang='lat' dir='ltr'>apud</span> <span class='ocrx_word' id='word_1_198' title='bbox 1424 4366 1462 4415; x_wconf 84' lang='lat' dir='ltr'>M.</span> <span class='ocrx_word' id='word_1_199' title='bbox 1477 4365 1598 4418; x_wconf 84' lang='lat' dir='ltr'>Crassum</span> 
     </span>
     <span class='ocr_line' id='line_1_25' title="bbox 274 4453 1598 4525; baseline -0.002 -15"><span class='ocrx_word' id='word_1_200' title='bbox 274 4459 402 4525; x_wconf 81' lang='lat' dir='ltr'>quendum</span> <span class='ocrx_word' id='word_1_201' title='bbox 420 4462 565 4521; x_wconf 84' lang='lat' dir='ltr'>praetorem</span> <span class='ocrx_word' id='word_1_202' title='bbox 584 4461 641 4505; x_wconf 81' lang='lat' dir='ltr'>aeta</span> <span class='ocrx_word' id='word_1_203' title='bbox 659 4455 718 4504; x_wconf 86' lang='lat' dir='ltr'>sint.</span> <span class='ocrx_word' id='word_1_204' title='bbox 750 4453 940 4505; x_wconf 84' lang='lat' dir='ltr'>Henrichscnus</span> <span class='ocrx_word' id='word_1_205' title='bbox 959 4454 1079 4520; x_wconf 88' lang='lat' dir='ltr'>(eumque</span> <span class='ocrx_word' id='word_1_206' title='bbox 1091 4463 1192 4506; x_wconf 86' lang='lat' dir='ltr'>secutus</span> <span class='ocrx_word' id='word_1_207' title='bbox 1204 4455 1316 4507; x_wconf 87' lang='lat' dir='ltr'>Orellius</span> <span class='ocrx_word' id='word_1_208' title='bbox 1328 4457 1423 4508; x_wconf 89' lang='lat' dir='ltr'>Onom.</span> <span class='ocrx_word' id='word_1_209' title='bbox 1436 4457 1505 4508; x_wconf 83' lang='lat' dir='ltr'>Tull.</span> <span class='ocrx_word' id='word_1_210' title='bbox 1525 4474 1546 4507; x_wconf 87' lang='lat' dir='ltr'>s.</span> <span class='ocrx_word' id='word_1_211' title='bbox 1562 4457 1598 4519; x_wconf 86' lang='lat' dir='ltr'>n.)</span> 
     </span>
     <span class='ocr_line' id='line_1_26' title="bbox 274 4545 1598 4611; baseline -0.003 -11"><span class='ocrx_word' id='word_1_212' title='bbox 274 4566 331 4601; x_wconf 80' lang='lat' dir='ltr'>eam</span> <span class='ocrx_word' id='word_1_213' title='bbox 350 4565 405 4599; x_wconf 84' lang='lat' dir='ltr'>rem</span> <span class='ocrx_word' id='word_1_214' title='bbox 424 4548 459 4597; x_wconf 88' lang='lat' dir='ltr'>ad</span> <span class='ocrx_word' id='word_1_215' title='bbox 477 4562 573 4597; x_wconf 78' lang='lat' dir='ltr'>annum</span> <span class='ocrx_word' id='word_1_216' title='bbox 591 4560 615 4596; x_wconf 84' lang='lat' dir='ltr'>a.</span> <span class='ocrx_word' id='word_1_217' title='bbox 629 4545 691 4596; x_wconf 84' lang='lat' dir='ltr'>Chr.</span> <span class='ocrx_word' id='word_1_218' title='bbox 706 4546 757 4594; x_wconf 77' lang='grc'><strong>127</strong></span> <span class='ocrx_word' id='word_1_219' title='bbox 778 4552 823 4595; x_wconf 79' lang='lat' dir='ltr'>aut</span> <span class='ocrx_word' id='word_1_220' title='bbox 842 4545 893 4595; x_wconf 77' lang='lat'>126</span> <span class='ocrx_word' id='word_1_221' title='bbox 912 4545 1000 4607; x_wconf 80' lang='lat' dir='ltr'>refert,</span> <span class='ocrx_word' id='word_1_222' title='bbox 1017 4546 1140 4611; x_wconf 85' lang='lat' dir='ltr'>illumque</span> <span class='ocrx_word' id='word_1_223' title='bbox 1158 4554 1303 4611; x_wconf 87' lang='lat' dir='ltr'>praetorem</span> <span class='ocrx_word' id='word_1_224' title='bbox 1321 4547 1359 4598; x_wconf 82' lang='grc' dir='ltr'>Μ.</span> <span class='ocrx_word' id='word_1_225' title='bbox 1380 4548 1501 4598; x_wconf 86' lang='lat' dir='ltr'>Crassum</span> <span class='ocrx_word' id='word_1_226' title='bbox 1518 4548 1550 4598; x_wconf 90' lang='lat' dir='ltr'>P.</span> <span class='ocrx_word' id='word_1_227' title='bbox 1569 4547 1598 4609; x_wconf 75' lang='grc'>1.,</span> 
     </span>
     <span class='ocr_line' id='line_1_27' title="bbox 274 4633 1597 4706; baseline -0.003 -17"><span class='ocrx_word' id='word_1_228' title='bbox 274 4633 415 4706; x_wconf 66' lang='lat' dir='ltr'>ripileones</span> <span class='ocrx_word' id='word_1_229' title='bbox 430 4639 592 4702; x_wconf 85' lang='lat' dir='ltr'>cognomine,</span> <span class='ocrx_word' id='word_1_230' title='bbox 612 4636 738 4687; x_wconf 78' lang='lat' dir='ltr'>triumviri</span> <span class='ocrx_word' id='word_1_231' title='bbox 756 4650 841 4697; x_wconf 83' lang='lat' dir='ltr'>erum,</span> <span class='ocrx_word' id='word_1_232' title='bbox 862 4650 917 4687; x_wconf 83' lang='lat' dir='ltr'>esse</span> <span class='ocrx_word' id='word_1_233' title='bbox 935 4643 1016 4700; x_wconf 84' lang='lat' dir='ltr'>putat.</span> <span class='ocrx_word' id='word_1_234' title='bbox 1046 4636 1214 4689; x_wconf 83' lang='lat' dir='ltr'>Drumannus</span> <span class='ocrx_word' id='word_1_235' title='bbox 1227 4653 1288 4688; x_wconf 83' lang='lat' dir='ltr'>vero</span> <span class='ocrx_word' id='word_1_236' title='bbox 1301 4637 1378 4700; x_wconf 77' lang='lat' dir='ltr'>&lt;nist</span> <span class='ocrx_word' id='word_1_237' title='bbox 1391 4637 1466 4688; x_wconf 82' lang='lat' dir='ltr'>Rom</span> <span class='ocrx_word' id='word_1_238' title='bbox 1480 4638 1528 4698; x_wconf 89' lang='lat' dir='ltr'>IV,</span> <span class='ocrx_word' id='word_1_239' title='bbox 1543 4636 1597 4698; x_wconf 82' lang='lat'>70),</span> 
     </span>
     <span class='ocr_line' id='line_1_28' title="bbox 274 4717 1596 4794; baseline -0.005 -14"><span class='ocrx_word' id='word_1_240' title='bbox 274 4731 394 4794; x_wconf 75' lang='lat' dir='ltr'>Piglrinm</span> <span class='ocrx_word' id='word_1_241' title='bbox 413 4736 527 4790; x_wconf 87' lang='lat' dir='ltr'>secutus,</span> <span class='ocrx_word' id='word_1_242' title='bbox 552 4744 631 4793; x_wconf 85' lang='lat' dir='ltr'>usqne</span> <span class='ocrx_word' id='word_1_243' title='bbox 651 4728 684 4776; x_wconf 86' lang='lat' dir='ltr'>ad</span> <span class='ocrx_word' id='word_1_244' title='bbox 702 4742 798 4776; x_wconf 79' lang='lat' dir='ltr'>annum</span> <span class='ocrx_word' id='word_1_245' title='bbox 820 4728 871 4776; x_wconf 89' lang='grc'>107</span> <span class='ocrx_word' id='word_1_246' title='bbox 886 4741 909 4776; x_wconf 84' lang='lat' dir='ltr'>a.</span> <span class='ocrx_word' id='word_1_247' title='bbox 924 4727 985 4778; x_wconf 82' lang='lat' dir='ltr'>Chr.</span> <span class='ocrx_word' id='word_1_248' title='bbox 1004 4727 1136 4778; x_wconf 85' lang='lat' dir='ltr'>descendit</span> <span class='ocrx_word' id='word_1_249' title='bbox 1154 4728 1231 4778; x_wconf 83' lang='lat' dir='ltr'>etde</span> <span class='ocrx_word' id='word_1_250' title='bbox 1250 4728 1304 4778; x_wconf 82' lang='lat' dir='ltr'>illio</span> <span class='ocrx_word' id='word_1_251' title='bbox 1323 4727 1434 4792; x_wconf 86' lang='lat' dir='ltr'>quodam</span> <span class='ocrx_word' id='word_1_252' title='bbox 1453 4728 1522 4776; x_wconf 85' lang='lat' dir='ltr'>illius</span> <span class='ocrx_word' id='word_1_253' title='bbox 1541 4717 1596 4790; x_wconf 72' lang='grc' dir='ltr'>ἆγε-</span> 
     </span>
     <span class='ocr_line' id='line_1_29' title="bbox 273 4809 1597 4887; baseline -0.002 -19"><span class='ocrx_word' id='word_1_254' title='bbox 273 4809 372 4868; x_wconf 76' lang='grc' dir='ltr'>λᾶστου</span> <span class='ocrx_word' id='word_1_255' title='bbox 391 4819 516 4869; x_wconf 83' lang='lat' dir='ltr'>triumviri</span> <span class='ocrx_word' id='word_1_256' title='bbox 533 4825 625 4882; x_wconf 83' lang='lat' dir='ltr'>patruo</span> <span class='ocrx_word' id='word_1_257' title='bbox 650 4816 720 4878; x_wconf 82' lang='lat' dir='ltr'>(nam</span> <span class='ocrx_word' id='word_1_258' title='bbox 739 4823 812 4881; x_wconf 85' lang='lat' dir='ltr'>pater</span> <span class='ocrx_word' id='word_1_259' title='bbox 830 4816 885 4887; x_wconf 79' lang='lat' dir='ltr'>eius</span> <span class='ocrx_word' id='word_1_260' title='bbox 903 4817 1010 4867; x_wconf 81' lang='lat' dir='ltr'>Publius</span> <span class='ocrx_word' id='word_1_261' title='bbox 1028 4817 1191 4880; x_wconf 84' lang='lat' dir='ltr'>vocabatur),</span> <span class='ocrx_word' id='word_1_262' title='bbox 1215 4825 1349 4882; x_wconf 80' lang='lat' dir='ltr'>practerea</span> <span class='ocrx_word' id='word_1_263' title='bbox 1367 4818 1467 4881; x_wconf 72' lang='lat' dir='ltr'>ignoto,</span> <span class='ocrx_word' id='word_1_264' title='bbox 1492 4818 1597 4881; x_wconf 74' lang='lat' dir='ltr'>cogitet.</span> 
     </span>
     <span class='ocr_line' id='line_1_30' title="bbox 274 4907 1596 4973; baseline -0.002 -13"><span class='ocrx_word' id='word_1_265' title='bbox 274 4912 301 4960; x_wconf 80' lang='lat' dir='ltr'>Is</span> <span class='ocrx_word' id='word_1_266' title='bbox 319 4909 397 4971; x_wconf 82' lang='lat' dir='ltr'>igitur</span> <span class='ocrx_word' id='word_1_267' title='bbox 416 4916 483 4958; x_wconf 84' lang='lat' dir='ltr'>esset</span> <span class='ocrx_word' id='word_1_268' title='bbox 500 4908 538 4958; x_wconf 79' lang='lat' dir='ltr'>M.</span> <span class='ocrx_word' id='word_1_269' title='bbox 558 4907 667 4959; x_wconf 78' lang='lat' dir='ltr'>Crassus</span> <span class='ocrx_word' id='word_1_270' title='bbox 684 4908 721 4957; x_wconf 80' lang='grc' dir='ltr'>Μ.</span> <span class='ocrx_word' id='word_1_271' title='bbox 741 4907 761 4957; x_wconf 81' lang='lat' dir='ltr'>f.</span> <span class='ocrx_word' id='word_1_272' title='bbox 779 4914 891 4971; x_wconf 84' lang='lat' dir='ltr'>praetor.</span> <span class='ocrx_word' id='word_1_273' title='bbox 928 4909 967 4957; x_wconf 82' lang='lat' dir='ltr'>At</span> <span class='ocrx_word' id='word_1_274' title='bbox 989 4908 1053 4958; x_wconf 85' lang='lat' dir='ltr'>milri</span> <span class='ocrx_word' id='word_1_275' title='bbox 1073 4909 1177 4973; x_wconf 87' lang='lat' dir='ltr'>quidem</span> <span class='ocrx_word' id='word_1_276' title='bbox 1195 4909 1267 4973; x_wconf 88' lang='lat' dir='ltr'>prior</span> <span class='ocrx_word' id='word_1_277' title='bbox 1284 4908 1413 4959; x_wconf 72' lang='lat' dir='ltr'>sententie</span> <span class='ocrx_word' id='word_1_278' title='bbox 1430 4909 1512 4957; x_wconf 84' lang='lat' dir='ltr'>multo</span> <span class='ocrx_word' id='word_1_279' title='bbox 1531 4909 1596 4958; x_wconf 84' lang='lat' dir='ltr'>reri·</span> 
     </span>
     <span class='ocr_line' id='line_1_31' title="bbox 274 4992 1595 5064; baseline 0 -15"><span class='ocrx_word' id='word_1_280' title='bbox 274 4998 384 5049; x_wconf 86' lang='lat' dir='ltr'>similior</span> <span class='ocrx_word' id='word_1_281' title='bbox 402 4999 511 5048; x_wconf 86' lang='lat' dir='ltr'>ridetur.</span> <span class='ocrx_word' id='word_1_282' title='bbox 548 4997 584 5048; x_wconf 86' lang='lat' dir='ltr'>Ut</span> <span class='ocrx_word' id='word_1_283' title='bbox 603 4999 671 5048; x_wconf 86' lang='lat' dir='ltr'>enlm</span> <span class='ocrx_word' id='word_1_284' title='bbox 690 4999 808 5047; x_wconf 87' lang='lat' dir='ltr'>omittam</span> <span class='ocrx_word' id='word_1_285' title='bbox 826 4997 931 5059; x_wconf 87' lang='lat' dir='ltr'>eausas&#39;,</span> <span class='ocrx_word' id='word_1_286' title='bbox 951 5013 1015 5063; x_wconf 80' lang='lat' dir='ltr'>ques</span> <span class='ocrx_word' id='word_1_287' title='bbox 1032 4992 1224 5049; x_wconf 81' lang='lat' dir='ltr'>Henriehsenua</span> <span class='ocrx_word' id='word_1_288' title='bbox 1241 4999 1296 5062; x_wconf 83' lang='lat' dir='ltr'>ipse</span> <span class='ocrx_word' id='word_1_289' title='bbox 1314 4996 1402 5059; x_wconf 73' lang='lat' dir='ltr'>effert,</span> <span class='ocrx_word' id='word_1_290' title='bbox 1422 4999 1477 5049; x_wconf 85' lang='lat' dir='ltr'>inre</span> <span class='ocrx_word' id='word_1_291' title='bbox 1496 5001 1595 5064; x_wconf 86' lang='lat' dir='ltr'>quaeri-</span> 
     </span>
     <span class='ocr_line' id='line_1_32' title="bbox 275 5087 1595 5150; baseline 0.001 -12"><span class='ocrx_word' id='word_1_292' title='bbox 275 5104 345 5149; x_wconf 86' lang='lat' dir='ltr'>mus,</span> <span class='ocrx_word' id='word_1_293' title='bbox 371 5104 416 5138; x_wconf 87' lang='lat' dir='ltr'>eur</span> <span class='ocrx_word' id='word_1_294' title='bbox 438 5090 469 5139; x_wconf 86' lang='lat' dir='ltr'>L.</span> <span class='ocrx_word' id='word_1_295' title='bbox 489 5088 596 5140; x_wconf 84' lang='lat' dir='ltr'>Crassus</span> <span class='ocrx_word' id='word_1_296' title='bbox 619 5102 674 5139; x_wconf 83' lang='lat' dir='ltr'>rem</span> <span class='ocrx_word' id='word_1_297' title='bbox 698 5088 735 5138; x_wconf 79' lang='lat' dir='ltr'>ita</span> <span class='ocrx_word' id='word_1_298' title='bbox 760 5095 860 5150; x_wconf 84' lang='lat' dir='ltr'>narret,</span> <span class='ocrx_word' id='word_1_299' title='bbox 885 5095 912 5138; x_wconf 86' lang='lat' dir='ltr'>ut</span> <span class='ocrx_word' id='word_1_300' title='bbox 935 5102 992 5139; x_wconf 83' lang='lat' dir='ltr'>cam</span> <span class='ocrx_word' id='word_1_301' title='bbox 1015 5103 1139 5141; x_wconf 86' lang='lat' dir='ltr'>asoeero</span> <span class='ocrx_word' id='word_1_302' title='bbox 1158 5088 1191 5149; x_wconf 89' lang='lat' dir='ltr'>Q.</span> <span class='ocrx_word' id='word_1_303' title='bbox 1209 5089 1298 5141; x_wconf 81' lang='lat' dir='ltr'>Mucio</span> <span class='ocrx_word' id='word_1_304' title='bbox 1316 5087 1443 5142; x_wconf 78' lang='lat' dir='ltr'>Scaevola</span> <span class='ocrx_word' id='word_1_305' title='bbox 1461 5089 1522 5143; x_wconf 84' lang='lat' dir='ltr'>Cos.</span> <span class='ocrx_word' id='word_1_306' title='bbox 1543 5092 1595 5143; x_wconf 82' lang='grc'>117</span> 
     </span>
    </p>
   </div>
   <div class='ocr_carea' id='block_1_5' title="bbox 0 0 1744 5804">
    <p class='ocr_par' dir='ltr' id='par_1_10' title="bbox 0 0 1744 5804">
     <span class='ocr_line' id='line_1_33' title="bbox 0 0 1744 5804; baseline 0 3"><span class='ocrx_word' id='word_1_307' title='bbox 0 0 1744 5804; x_wconf 95' lang='lat' dir='ltr'> </span> 
     </span>
    </p>
   </div>
  </div>
 </body>
</html>
