3480 5804
295 517 368 591 206
844 536 1072 598 mauriana
1185 609 1189 621 ¹

293 710 368 767 aiiii
395 711 429 766 de
455 707 680 784 a[ceuasua]one
705 708 900 778 mandassent,
927 711 1011 766 immo
1033 717 1132 766 contra
1155 704 1381 780 lau[datioacm].
1426 704 1492 774 Qua
1513 707 1623 762 ratione

295 812 419 885 effectum
440 819 491 880 est,
514 817 546 867 ut
567 808 685 883 o[maes]
708 809 744 867 ab
765 812 962 868 accuasutioue
983 809 1147 866 desisterent
1168 817 1193 865 et
1207 826 1235 882 q.
1249 824 1273 864 s.

378 910 437 969 His
464 909 638 986 praemissis
665 928 743 985 quae
769 911 806 968 de
832 910 919 969 trium
942 909 1110 970 Galliarum
1137 907 1263 967 macilis
1291 906 1401 965 tradita
1427 914 1510 975 sunt,
1539 905 1622 962 brevi

295 1012 536 1087 complectamur.
573 1011 731 1070 Kalendae
746 1013 912 1087 Augustae,
934 1011 1043 1088 quibus
1064 1028 1117 1067 ara
1132 1009 1269 1067 dedicata
1284 1017 1357 1078 erat,
1378 1025 1439 1066 non
1454 1006 1551 1066 solum
1567 1007 1624 1065 sub

297 1113 403 1190 primis
430 1113 676 1187 imperatoribus,
704 1113 757 1170 sed
783 1113 873 1172 ctiam
899 1113 987 1171 tertio
1012 1110 1132 1170 saeculo
1159 1109 1238 1185 (Dio
1266 1107 1352 1168 Cass.
1377 1108 1431 1179 54,
1452 1106 1505 1182 32)
1533 1107 1624 1164 trium

297 1212 465 1272 Galliarum
481 1223 630 1273 conventu
646 1225 675 1272 et
690 1215 769 1272 omni
783 1214 921 1272 ludorum
935 1220 1083 1291 apparatu
1097 1211 1237 1288 Lugduni
1250 1209 1484 1278 celebrabantur,
1507 1228 1625 1266 eorum-

297 1333 356 1390 que
379 1315 627 1391 spectaculorum,
649 1333 726 1391 quae
747 1315 789 1374 ibi
811 1315 891 1374 edita
912 1332 981 1373 esse
1002 1322 1032 1374 et
1054 1315 1216 1390 scriptores
1238 1319 1267 1370 et
1280 1319 1471 1370 monumenta
1485 1308 1625 1386 produnt,

295 1415 434 1473 ludorum
457 1417 651 1487 scenicorum,
673 1401 861 1488 circensium,
884 1436 1038 1476 munerum
1052 1414 1309 1493 gladiatoriarum,
1331 1412 1530 1481 venationum,
1552 1429 1625 1469 nau-

295 1517 490 1591 machiarum,
513 1537 575 1577 non
596 1519 749 1577 minimam
771 1528 884 1594 partem
907 1518 945 1577 ad
963 1518 1053 1576 huius
1068 1517 1128 1576 diei
1141 1515 1340 1576 celebritatem
1359 1513 1541 1590 spectavisse
1556 1530 1626 1569 con·

296 1626 470 1677 sentaneum
492 1628 539 1678 est
560 1618 602 1693 (v.
626 1620 767 1678 Boissieu
789 1639 818 1695 p.
836 1619 893 1678 461
905 1637 986 1695 sqq.;
1008 1618 1138 1676 Ruinart
1154 1618 1232 1675 Acta
1246 1616 1333 1674 Mart.
1356 1635 1385 1692 p.
1402 1613 1519 1690 disq.)
1564 1615 1625 1671 Ac·

296 1727 450 1776 cesserunt
472 1720 528 1777 sab
544 1718 682 1795 Caligula
701 1722 853 1778 rhetorum
868 1738 988 1796 quoque
1004 1718 1187 1779 Graecorum
1203 1716 1437 1791 Latinorumque
1451 1714 1623 1783 certamina,

297 1818 335 1874 de
358 1819 467 1893 quibus
489 1819 526 1876 cf.
550 1818 632 1880 Suet.
655 1819 720 1879 Cal.
737 1820 790 1890 203
813 1821 937 1879 Iurenal
954 1823 981 1892 1,
997 1820 1046 1878 44.
1090 1820 1140 1878 Ad
1161 1820 1238 1876 hanc
1261 1815 1476 1876 solemnitatem
1499 1835 1518 1874 a
1539 1834 1626 1874 sexa·

296 1917 380 1992 ginta
406 1927 535 1994 quatuor
561 1921 732 1980 civitatibus
758 1921 850 1999 legati
873 1921 959 1979 missi
985 1927 1056 1978 sunt
1082 1936 1149 1978 cum
1175 1918 1339 1989 mandatis,
1367 1918 1419 1993 qui
1441 1918 1522 1976 etin
1544 1918 1624 1976 ludis

298 2027 380 2075 certa
401 2018 468 2077 loca
488 2021 638 2079 habebant
659 2021 773 2097 (Boiss.
795 2040 824 2096 p.
841 2020 916 2097 467)
939 2032 968 2080 et
989 2020 1080 2079 finitis
1102 2018 1183 2077 ludis
1198 2018 1356 2076 concilium
1373 2018 1544 2094 provinciae
1559 2037 1626 2076 con·

297 2117 469 2177 stituebant.
506 2120 540 2179 In
561 2140 690 2197 quorum
712 2141 835 2180 numero
856 2123 936 2198 quod
959 2130 1023 2180 erat
1044 2120 1173 2181 Sennius
1189 2117 1360 2189 Sollemnis,
1382 2138 1469 2194 quem
1492 2120 1626 2178 diximus

297 2219 482 2278 sacerdotem
505 2239 575 2280 arae
597 2223 744 2280 nominari
766 2223 797 2280 in
820 2240 967 2282 marmore
981 2221 1173 2300 Torignensi,
1195 2219 1264 2279 inde
1286 2239 1345 2279 non
1362 2220 1500 2293 eflicitur,
1522 2238 1625 2279 omues

296 2318 413 2396 legatos
439 2320 534 2380 suisse
561 2323 743 2381 sacerdotes.
788 2323 898 2396 Immo,
926 2323 1077 2382 sirenum
1099 2321 1278 2380 Mommseni
1305 2320 1542 2398 supplementum
1569 2330 1625 2392 est,

296 2420 345 2478 cui
371 2421 425 2480 illa
450 2421 614 2481 sacerdotis
640 2423 800 2499 appellatio
827 2424 964 2496 debetur,
990 2431 1043 2482 aut
1067 2439 1144 2481 unus
1164 2421 1330 2499 legatorum
1352 2421 1519 2480 sacerdotio
1541 2440 1625 2496 prae·

296 2520 392 2580 luisse
414 2529 467 2580 aut
487 2522 667 2600 legationem
683 2525 856 2600 suscepisse
871 2524 1039 2583 sacerdotio
1054 2533 1259 2583 consummato
1274 2522 1439 2582 credendus
1454 2533 1509 2580 est.
1546 2520 1624 2580 Con-

296 2621 360 2679 cilii
388 2641 459 2680 vero
488 2634 552 2682 erat
576 2624 722 2701 primum,
752 2625 841 2682 aedes
869 2643 972 2684 sacras
999 2626 1076 2684 tueri
1103 2635 1133 2684 et
1158 2626 1258 2683 omnia
1283 2632 1366 2682 sarta
1391 2630 1469 2681 tecta
1494 2623 1625 2698 exigere,

297 2740 364 2780 cum
386 2732 416 2780 et
437 2725 581 2799 templum
603 2734 634 2783 et
655 2732 753 2782 cetera
774 2725 912 2783 aedificia
933 2745 952 2782 a
973 2725 1145 2801 provinciae
1168 2725 1339 2783 civitatibus
1360 2732 1512 2784 exstructa
1526 2731 1627 2781 essent

299 2820 429 2895 (Strabo
455 2824 475 2882 4
504 2844 533 2900 p.
559 2823 651 2898 192),
682 2824 789 2882 deinde
817 2825 955 2883 ludorum
984 2827 1257 2902 sacrificiorumque
1284 2826 1450 2902 impensam
1479 2809 1637 2882 sustinere

301 2940 464 2997 servosque
493 2931 523 2980 et
550 2925 673 2984 libertos
696 2924 798 3000 templl
825 2924 968 3000 (libertum
991 2929 1077 2985 trium
1101 2925 1266 2986 Galliarum
1287 2927 1380 2985 babes
1403 2925 1481 3001 apud
1504 2924 1628 2982 Henzen

298 3040 327 3079 n.
344 3020 440 3097 6393)
467 3023 556 3082 alere.
599 3025 650 3083 Ad
676 3025 755 3083 hunc
780 3024 869 3084 finem
896 3027 1061 3086 constituta
1087 3037 1153 3087 erat
1179 3045 1263 3100 arca,
1290 3027 1337 3085 cui
1363 3026 1506 3103 praefecti
1533 3026 1629 3084 luisse

300 3120 441 3180 videntur
466 3123 588 3183 attestor
611 3123 776 3184 Galliarum
798 3125 916 3200 (Boiss.
938 3146 968 3203 p.
984 3125 1075 3203 959),
1101 3129 1186 3187 iudea
1210 3146 1299 3186 orcae
1322 3126 1489 3186 Galliarum
1511 3126 1628 3201 (Boias.

298 3240 327 3298 p.
345 3220 415 3281 978.
438 3221 527 3300 its),
553 3229 708 3301 inquisitor
730 3224 896 3285 Galliarum
921 3226 979 3304 (ib.
1000 3246 1031 3304 p.
1047 3226 1117 3288 265.
1138 3226 1224 3305 266).
1268 3227 1430 3287 Praeterea
1455 3246 1473 3284 a
1498 3227 1628 3285 concilio

298 3331 328 3381 et
349 3325 492 3383 sacerdos
514 3343 585 3383 arse
606 3327 773 3398 creabatur,
794 3325 826 3386 id
846 3327 928 3404 quod
947 3346 1093 3406 apparere
1107 3328 1225 3388 ridetur
1245 3346 1262 3387 e
1281 3329 1367 3387 titulo
1380 3328 1490 3387 Licinii
1512 3327 1628 3402 (Boiss.

298 3441 328 3499 p.
345 3423 383 3482 92
390 3445 399 3497 3
422 3426 588 3486 Mommsen
604 3427 718 3486 Annali
735 3427 814 3487 1853
836 3445 866 3504 p.
883 3427 947 3504 60),
970 3428 1034 3505 [qui
1053 3430 1110 3488 duo
1132 3438 1160 3488 st
1177 3428 1293 3506 usspiuti
1314 3427 1417 3504 auuo[s
1439 3420 1524 3488 uatus
1547 3447 1627 3488 crea·

299 3524 357 3601 t]us
378 3526 526 3602 securior
547 3528 614 3604 est];
637 3537 668 3587 et
686 3529 759 3588 viris
781 3529 818 3588 de
838 3528 994 3605 provincia
1014 3530 1089 3590 bene
1110 3529 1224 3590 meritis
1246 3538 1364 3589 statuae
1385 3530 1629 3602 decernebantur,

298 3643 374 3701 quas
396 3644 499 3687 omnes
522 3631 611 3688 trium
627 3627 797 3689 Galliarum
819 3631 939 3689 nomine
961 3629 1125 3692 collocatas
1139 3631 1267 3708 legimus
1288 3631 1433 3708 (exempli
1446 3650 1471 3690 c.
1488 3649 1516 3690 r.
1533 3629 1630 3691 Orelli

301 3728 392 3785 3650.
414 3728 509 3800 36535
532 3729 657 3788 Henzen
672 3729 764 3789 5968.
785 3731 875 3789 6944.
897 3730 1009 3807 6950),
1030 3740 1061 3790 et
1081 3731 1173 3811 legati
1195 3732 1388 3792 mittebantur
1409 3731 1447 3791 ad
1469 3733 1630 3810 imperato·

298 3847 372 3900 rem,
394 3829 446 3904 qui
468 3836 521 3887 aut
542 3828 692 3902 desideria
711 3830 883 3908 provinciae
905 3831 1055 3891 deferrent
1075 3840 1128 3892 aut
1148 3832 1314 3909 praesidem
1336 3833 1506 3911 prouinciae
1525 3832 1631 3892 lauda·

300 3935 368 3986 rent
388 3929 438 3987 vel
459 3939 641 3989 accusarent.

383 4029 411 4088 8.
448 4031 555 4090 Acras
571 4031 766 4091 Mineruae.
803 4030 924 4092 Titulus
946 4035 1017 4093 anni
1034 4034 1090 4094 181
1108 4053 1137 4112 p.
1154 4032 1226 4095 Obr.
1250 4035 1302 4112 qui
1322 4043 1369 4095 est
1384 4036 1464 4113 apud
1479 4034 1629 4096 Orellium

300 4150 329 4189 n.
345 4129 426 4190 2214
453 4141 532 4191 recte
556 4131 691 4208 suppleri
712 4132 831 4192 videtur
856 4132 963 4193 Flauio
986 4168 1025 4182 -
1048 4135 1157 4196 Sabino
1179 4167 1218 4179 -
1241 4169 1281 4180 —
1304 4136 1400 4196 IIviro
1415 4140 1486 4214 foro
1507 4136 1632 4196 Iulianas·

300 4231 444 4308 (flumini)
463 4237 630 4309 prouinciae
650 4233 771 4311 Alpium
791 4237 1008 4295 maritimarum.

385 4335 413 4393 9.
451 4331 654 4396 Germana.
697 4337 830 4414 Augusti
851 4344 959 4411 aetate,
979 4356 1041 4415 qua
1059 4337 1189 4399 Romani
1210 4346 1303 4399 totam
1319 4337 1512 4399 Germaniam
1534 4356 1631 4416 nsque

302 4434 339 4492 ad
361 4435 462 4493 Albim
489 4417 550 4494 non
576 4437 672 4495 solum
700 4437 852 4496 domuisse
879 4438 932 4497 sed
957 4439 1046 4498 etiam
1073 4439 1104 4498 in
1129 4439 1301 4518 provinciae
1326 4441 1453 4500 formam
1474 4439 1630 4517 redegisse

303 4535 362 4594 sibi
383 4536 570 4608 videbantur,
592 4556 647 4598 aru
667 4537 809 4597 Ubiorum
829 4549 1005 4600 consecrata
1026 4550 1080 4614 est,
1102 4540 1182 4618 apud
1203 4559 1292 4619 quam
1314 4560 1350 4599 ea
1372 4560 1456 4612 uano,
1478 4559 1536 4617 quo
1560 4539 1632 4600 Ger·

302 4639 416 4696 maaiua
443 4639 597 4709 mucium,
624 4641 760 4699 sacerdos
781 4649 892 4700 creatus
914 4651 955 4700 est
976 4641 1196 4718 sigismundus,
1224 4642 1348 4720 Segestis
1363 4643 1444 4718 filisu
1470 4640 1630 4702 canuae

302 4737 392 4811 (Tac.
408 4758 476 4798 ann.
495 4741 521 4810 1,
536 4739 601 4815 57).
636 4740 712 4800 Post
732 4740 849 4801 cladem
862 4741 1026 4802 Varianam
1047 4750 1078 4803 et
1098 4742 1268 4821 provinciae
1288 4743 1370 4804 illius
1389 4742 1545 4803 faciendae
1559 4760 1632 4801 con·

303 4837 403 4897 silium
429 4838 577 4899 abiectum
603 4850 634 4899 et
658 4841 755 4902 cultus
782 4842 835 4901 ille
858 4843 1029 4918 provinciae
1054 4845 1183 4905 abolitus
1205 4863 1272 4906 esse
1293 4842 1419 4918 videtur',
1447 4845 1499 4905 sed
1522 4844 1632 4902 velex

303 4940 399 5010 tenui,
425 4957 502 5018 quse
527 4940 592 5001 eius
614 4948 715 5003 exstat
735 4942 816 5020 apud
836 4942 990 5018 Tacitum,
1018 4947 1162 5008 memoria
1183 4947 1213 5008 id
1234 4966 1379 5027 apparere
1399 4947 1504 5019 credo,
1532 4962 1632 5004 sacer·

306 5037 419 5098 dotium
440 5056 511 5100 arae
526 5040 678 5104 'Ubiorum
699 5043 793 5105 tuisse
813 5063 955 5106 annuum.
