3480 5804
876 545 1076 598 WILMANNS

469 720 535 777 dere
552 727 643 794 parat
665 719 793 789 castella,
815 719 932 794 cibique,
953 719 1031 793 quod
1049 718 1257 775 calidieeimum
1269 720 1299 774 in
1314 734 1348 774 ea
1362 717 1555 792 praefectura,
1579 734 1645 789 coq-

468 830 595 878 nomento
616 819 773 879 Volandum
798 823 903 888 cumit,·
928 822 1042 877 minora
1066 816 1201 876 Cornelio
1229 817 1338 876 Flacco
1365 817 1458 892 leqato
1485 825 1511 875 et
1537 816 1645 874 Ineteio

473 918 609 996 Capitoni
629 927 787 978 caetrorum
804 921 952 994 praesecto
973 920 1100 978 mandat.

315 1021 448 1081 Insteius
474 1021 551 1079 idem
579 1027 625 1079 est
650 1019 702 1095 qui
728 1038 807 1079 anno
823 1021 862 1079 54
890 1020 1025 1079 centurio
1051 1020 1082 1078 in
1107 1001 1212 1078 eodem
1240 1019 1374 1076 exercitu
1395 1027 1647 1076 commemoratur

317 1122 404 1198 (Tac.
427 1141 496 1180 ann.
514 1122 562 1193 13,
578 1120 621 1195 9).

361 1222 413 1297 15)
447 1221 571 1281 Poeniue
592 1221 753 1280 Pactumue.
775 1253 813 1264 -
847 1222 913 1279 Tac.
935 1219 1119 1291 ann.11,37
1140 1220 1230 1295 (anno
1244 1221 1280 1279 61
1305 1222 1336 1277 in
1357 1220 1547 1295 Britannia).·
1574 1219 1645 1277 Poe·

468 1327 534 1381 niue
549 1323 700 1381 Paetumue
718 1325 881 1398 praefectae
903 1331 1061 1380 caetrorum
1082 1322 1223 1379 secundae
1241 1322 1370 1396 leqionie,
1393 1324 1510 1396 coqnitie
1525 1329 1645 1396 quarta·

469 1425 687 1481 decumanorum
708 1426 998 1498 vicesimanorumque
1015 1426 1165 1499 prosperii
1187 1423 1284 1491 rebue,
1311 1425 1381 1497 quia
1397 1425 1469 1496 pari
1486 1421 1584 1497 qloria
1606 1421 1644 1477 le-

468 1528 579 1598 qianem
611 1542 693 1582 euam
717 1525 926 1599 fraudaverat,
962 1523 1154 1598 abnueratque
1182 1531 1282 1581 contra
1306 1525 1393 1579 ritum
1419 1521 1538 1579 militiae
1563 1525 1644 1578 iaceo

470 1627 550 1683 ducta
573 1624 717 1699 (Suetonii
737 1624 866 1693 Paulini,
890 1625 977 1699 leqato·
993 1621 1187 1698 provinciae),
1210 1640 1240 1681 ee
1260 1627 1323 1698 ipee
1341 1622 1442 1698 qladio
1464 1626 1608 1697 maneeqit.

362 1722 414 1799 16)
447 1724 543 1784 Iuliue
565 1724 683 1783 Gratus.
698 1757 739 1766 -
769 1725 836 1782 I'ac.
863 1725 929 1783 leiet.
950 1724 979 1794 2,
995 1724 1034 1782 26
1056 1723 1145 1800 (anno
1160 1723 1199 1782 69
1219 1727 1251 1781 in
1268 1741 1368 1799 puqna
1388 1726 1462 1780 inter
1477 1723 1645 1783 Vitellianae

469 1835 495 1884 et
517 1825 694 1885 Othonianoe
719 1826 760 1883 ad
783 1827 947 1885 Cremonam
967 1825 1146 1900 commieea).·
1176 1822 1301 1883 Caecina
1322 1823 1460 1900 (leqatue)
1481 1844 1539 1882 non
1560 1825 1647 1883 eimul

469 1927 611 1997 colortee,
645 1927 697 1984 eed
724 1927 854 2001 cinqulae
880 1929 1034 1997 acciverat,
1064 1944 1137 2000 quae
1164 1943 1211 1983 ree
1237 1928 1267 1982 in
1290 1925 1403 2001 proelio
1430 1927 1645 2002 trepidationem
1683 1997 1684 2000 ρ

469 2031 559 2085 auait.
584 2060 621 2070 -
642 2058 680 2069 -
703 2036 768 2085 orta
788 2036 814 2084 et
835 2030 864 2084 in
886 2030 990 2084 caetrie
1011 2028 1122 2098 ecditio,
1144 2027 1222 2101 quod
1239 2045 1296 2084 nan
1317 2029 1443 2085 unioerei
1463 2027 1647 2084 ducerentur.-

467 2131 578 2186 oinotue
595 2128 758 2203 praesecata
780 2136 938 2186 caetrorum
952 2127 1045 2185 iuliae
1062 2125 1180 2197 (ι’-εοεαε,
1202 2137 1338 2202 tanquam
1352 2128 1448 2201 fratri
1460 2129 1541 2202 apud
1559 2126 1645 2185 Ctlto-

468 2247 530 2286 nem
551 2229 688 2286 militanti
704 2227 896 2302 proditionem
916 2236 1021 2302 aqeret.

361 2327 414 2404 17)
446 2327 568 2406 Alfenue
594 2328 697 2387 Varue.
714 2359 753 2370 -
784 2328 851 2386 Tac.
873 2328 938 2387 tier.
960 2328 990 2399 2,
1013 2327 1056 2387 29
1084 2326 1175 2404 (anno
1190 2327 1231 2386 69
1255 2331 1286 2385 in
1307 2332 1430 2387 mercitet
1448 2328 1603 2388 Vitelliano
1626 2350 1646 2388 a

468 2429 562 2487 Fabio
583 2427 698 2487 Valente
725 2429 816 2504 leqato
842 2432 873 2486 in
898 2428 1019 2486 Italiam
1047 2428 1195 2505 deducto).·
1220 2428 1344 2502 Alsenue
1365 2429 1460 2488 l'arue
1480 2433 1646 2506 praesectum

469 2541 637 2600 caetrorum,
659 2531 836 2605 dejiaqrante
846 2529 1001 2605 paullatim
1019 2531 1164 2599 reditione,
1186 2531 1273 2588 addit
1284 2531 1441 2600 concilium,
1463 2535 1554 2590 centio
1569 2532 1647 2590 obire

468 2631 585 2706 ciqiliae
615 2630 837 2701 centurionileue,
865 2634 967 2688 omieeo
994 2631 1076 2688 tubae
1102 2647 1186 2700 tono,
1212 2647 1268 2705 quo
1293 2630 1373 2689 milae
1398 2633 1440 2688 ad
1459 2631 1527 2689 belli
1546 2637 1645 2691 munia

469 2735 568 2790 cietur.
590 2733 679 2806 iqitur
695 2740 806 2805 torpere
824 2733 926 2800 cuncti,
948 2733 1181 2805 circumspectare
1201 2734 1275 2788 inter
1288 2748 1318 2788 ee
1330 2734 1443 2790 attoniti
1456 2741 1484 2790 et
1495 2733 1528 2789 id
1540 2736 1644 2808 ipeum,

469 2833 548 2907 quod
565 2849 644 2889 nemo
665 2841 785 2905 reqeret,
805 2839 956 2905 pauentee,
978 2830 1104 2901 nitentia,
1122 2833 1275 2906 patientia,
1295 2840 1437 2905 postremo
1453 2835 1588 2908 precibue
1609 2854 1647 2893 aa

470 2932 595 2989 lacrimie
616 2935 726 2989 veniam
746 2931 930 3005 quaerebant.

315 3031 429 3091 Postea
450 3033 481 3090 in
502 3031 617 3108 proelio
631 3030 825 3090 Bedriacensi
846 3030 925 3088 idem
940 3029 1039 3088 varus
1061 3031 1176 3090 auxilia
1191 3030 1307 3091 Batava
1325 3032 1447 3092 adducit
1467 3032 1555 3109 (Τεο.
1577 3035 1646 3094 hiet.

316 3128 347 3204 2,
362 3131 428 3207 43),
450 3139 481 3190 et
501 3152 520 3190 a
534 3129 657 3190 Vitellio
677 3131 847 3209 praelectus
867 3130 1018 3208 praetorio
1039 3137 1157 3189 creatur
1179 3130 1265 3207 (Tac.
1287 3132 1357 3191 hiet.
1374 3133 1403 3204 3,
1417 3133 1481 3209 36).

361 3230 414 3308 18)
446 3231 594 3292 Minuciae
615 3233 723 3291 Iuetue.
744 3263 783 3275 -·
811 3232 878 3291 Tac.
901 3232 966 3291 liet.
986 3231 1050 3304 3,7
1072 3231 1160 3307 (anno
1179 3231 1249 3308 69).·
1281 3233 1407 3308 Vulqata
1427 3238 1546 3292 victoria
1563 3247 1646 3310 poet-

470 3351 555 3409 quom
571 3335 720 3410 principia
739 3333 807 3392 belli
826 3334 980 3393 eecundum
1000 3332 1163 3391 Flavianae
1179 3333 1256 3406 ,data
1278 3333 1398 3408 leqionee
1417 3334 1478 3394 VII
1497 3334 1646 3394 Galbiana
1718 3352 1721 3357 ⁴

471 3434 563 3493 XIII
576 3432 696 3493 Gemina
716 3452 778 3494 cum
797 3434 884 3494 Vedio
898 3433 1008 3510 Aquila
1029 3433 1121 3510 leqato
1136 3433 1290 3492 Patauium
1311 3433 1425 3493 alacree
1445 3439 1568 3495 ueniunt.
1605 3437 1647 3496 ibi

466 3538 558 3612 pauci
576 3535 638 3593 diae
659 3537 700 3593 ad
719 3539 844 3611 requiem
863 3538 969 3611 eumpti
989 3545 1016 3593 et
1029 3534 1174 3594 Minuciae
1188 3535 1287 3593 luetue
1305 3536 1469 3610 praefectae
1487 3547 1646 3596 octaorum

470 3635 589 3712 leqionie
612 3635 686 3708 VII,
713 3639 764 3711 qui
788 3638 941 3694 adductiore
965 3653 1051 3711 quam
1071 3635 1151 3694 cicili
1169 3634 1243 3694 lrello
1264 3636 1457 3712 imperitabat,
1483 3637 1646 3698 eubtractue

471 3735 593 3794 militum
613 3739 676 3793 irae
696 3736 737 3792 ad
757 3735 963 3811 Veepoeianum
983 3739 1086 3794 mieeue
1108 3745 1159 3795 eet.

364 3835 417 3911 19)
452 3833 572 3896 Caeciae
592 3835 722 3910 Lonque.
742 3867 783 3878 —
818 3835 886 3895 Τοο.
914 3836 979 3893 liet.
1001 3835 1030 3906 3,
1049 3837 1087 3896 te
1113 3835 1203 3911 (anno
1224 3835 1299 3911 69).·
1325 3835 1494 3914 (Leqionee)
1519 3840 1601 3898 initio
1626 3859 1646 3898 ο

473 3939 574 4011 quinta
602 3935 709 4010 leqiane
734 3944 810 4006 orto,
838 3939 970 4012 repoeitie
994 3935 1102 3995 Vitellii
1121 3937 1291 4013 imaqinilue
1312 3938 1408 3998 vinela
1431 3939 1570 3999 Caecinae
1591 3944 1647 3998 ini·

472 4039 565 4105 ciunt,·
585 4035 709 4094 Fabium
731 4035 885 4096 Fabullum
905 4040 1020 4112 quintae
1041 4037 1158 4113 leqionie
1181 4037 1303 4113 leqatum
1323 4048 1350 4097 et
1365 4039 1496 4099 Caeeium
1514 4039 1646 4118 Lonqum

468 4139 647 4212 praesectum
668 4147 825 4195 caetrorum
846 4139 930 4197 ducet
951 4138 1088 4214 deliqunt.

362 4233 417 4312 20)
453 4233 623 4295 Caetronius
644 4235 781 4296 Pieauue.
804 4270 845 4281 -
880 4239 948 4296 Tac.
978 4238 1044 4298 liet.
1069 4240 1103 4309 4,
1122 4237 1166 4296 50
1188 4237 1277 4314 (anno
1300 4239 1365 4315 71).·
1392 4240 1493 4299 Feetue
1520 4239 1647 4317 <leqotue

474 4337 592 4414 leqionie
612 4336 669 4396 III
685 4336 846 4415 Arequetae)
868 4338 1022 4399 Admmeto
1048 4371 1089 4384 ·-
1109 4370 1152 4383 -
1177 4340 1219 4398 ad
1244 4340 1379 4416 leqiouem
1401 4342 1542 4400 contendit
1557 4360 1647 4418 prae·

466 4439 629 4514 seniumque
650 4448 807 4498 coenarum
832 4438 1014 4500 Caetronium
1033 4440 1171 4498 Pitanum
1192 4442 1295 4499 uinciri
1314 4443 1407 4499 iueeit.

364 4536 419 4612 21)
450 4537 600 4598 Literniae
622 4539 738 4598 dianio.
759 4570 800 4582 —
828 4541 966 4618 loeepllue
995 4540 1059 4599 bell.
1081 4541 1146 4599 Iud.
1168 4539 1522 4618 c,e,3(11ieroeotqnn
1543 4561 1648 4619 eepuq·

473 4643 551 4699 nate'e
579 4639 728 4700 concilium
754 4651 889 4701 convocat
915 4640 1010 4717 Titui)
1035 4630 1084 4698 nai
1105 4631 1305 4699 τονελθᾶντων
1324 4628 1361 4721 ’ἕξ
1380 4641 1437 4698 τοῖν
1456 4635 1648 4724 κορυφαιοτά-

472 4763 538 4808 των,
558 4733 689 4825 Τεβερίου
711 4764 742 4797 τε
761 4733 958 4825 Ἀλεξάνδρου
983 4743 1036 4798 τοῦ
1054 4732 1166 4799 πάντων
1186 4743 1241 4798 τῶν
1262 4733 1480 4825 στρατευμάτων
1501 4732 1649 4824 ἐπάρχον-

472 4862 537 4906 τος,
564 4831 613 4897 reni
638 4831 750 4923 Σὲξτοο
773 4833 924 4925 Keqeaie'cv
952 4836 983 4899 τδ
1011 4832 1137 4910 nineven
1161 4830 1285 4918 ἄγοντος
1311 4831 1430 4916 τάγμα,
1457 4832 1505 4899 uui
1527 4836 1647 4926 Ampeliou

472 4934 594 4997 Λεπίδου
623 4934 653 4997 eei
681 4933 813 5010 δέκατον,
841 4933 889 4998 nori
910 4935 994 5000 Τι’τοο
1022 4933 1146 5025 Φρογεόο
1172 4936 1203 5000 cd
1225 4933 1490 5010 πεντεκαιδέκατον,
1519 4939 1587 5026 apic
1609 4933 1650 5003 cic

473 5030 598 5120 Φρόντων
619 5029 652 5110 ἦν
673 5031 817 5122 Διτὲρνεοο,
838 5031 1095 5124 στρατοπεδάρχης
1115 5044 1169 5100 τῶν
1189 5036 1240 5099 ἆτ’
1260 5035 1481 5124 Ἀλοξοονδρεεῖοο
1501 5035 1553 5101 δύο
1573 5065 1650 5120 τογ-

473 5130 584 5206 μάτων,
610 5128 657 5196 reni
680 5133 795 5224 Μάρκος
813 5133 961 5201 ’nucleae
980 5135 1132 5203 Ἰοολεονδε·
1152 5138 1166 5200 ὅ
1188 5143 1239 5213 τῆς
1256 5133 1399 5204 'laudatico
1418 5135 1578 5228 ἐπίτροπος,
1601 5133 1650 5201 erui
