3480 5804
626 457 892 513 MISCELLANEA.

561 627 620 687 Ssx
633 660 639 673 ·
655 645 791 689 roursro
803 629 883 687 'ssx
896 660 902 673 ·
914 629 963 688 Fu

697 747 820 790 nanno

559 847 726 890 sacsuoou
754 861 760 875 ·
788 846 874 890 sons
901 861 907 874 ·
931 848 963 888 ru

561 947 642 990 vrcrr
658 963 664 976 ·
681 932 706 990 rh
724 948 966 992 -rsrmrarnn

505 1052 516 1089 s
560 1033 966 1104 qo·conr·rarlecrroca

560 1148 719 1193 rsusrvu
756 1166 762 1178 ·
797 1150 965 1194 sacsnoo

564 1250 618 1293 ras
638 1265 645 1279 ·
668 1235 968 1294 souis-ruvrcn·1lr

563 1350 609 1393 os
635 1351 794 1394 uuonan
820 1354 859 1394 er
881 1353 966 1394 naar

562 1453 601 1494 ra
622 1465 628 1479 ·
650 1451 713 1494 srvs
736 1465 743 1480 ·
766 1451 902 1496 senesa-
927 1453 967 1495 ua

498 1556 523 1594 ιο
710 1552 764 1594 ser
880 1547 882 1550 ·

101 1657 272 1731 Descripsit
293 1655 463 1734 Helbigius,
485 1656 551 1732 ipee
573 1656 684 1714 contuli
707 1665 738 1713 et
758 1659 886 1715 correxi.

140 1757 243 1815 Patres
268 1757 346 1815 inter
372 1767 485 1834 septem
512 1755 624 1834 gradus
651 1775 755 1814 eorum
776 1757 828 1831 qui
850 1758 1002 1834 mysteriis
1025 1759 1192 1819 Mithriacis
1215 1760 1322 1821 initiati
1345 1774 1431 1824 erant

100 1857 151 1932 (cl.
175 1856 379 1934 Hieronymus
401 1857 488 1933 epist.
507 1856 564 1913 107
588 1857 625 1913 ad
647 1855 787 1930 Laetam)
810 1857 936 1934 gradum
960 1859 1139 1917 altissimum
1161 1872 1322 1937 occupant,
1346 1877 1432 1940 puter

100 1959 191 2034 igitur
208 1967 328 2034 potrum
349 1976 499 2016 summum
521 1957 653 2014 omnium
675 1955 772 2014 locum
794 1956 910 2016 obtinet
930 1977 986 2034 pro
1001 1977 1178 2036 summoque
1192 1961 1321 2021 Mithrae
1335 1983 1432 2023 sacer-

101 2060 171 2117 dote
193 2058 347 2118 habendus
368 2066 424 2118 est.
463 2057 579 2133 Siglum
600 2057 626 2116 th
647 2075 755 2117 nomen
770 2058 899 2117 Mithrae
921 2058 1034 2119 indicat
1056 2061 1145 2118 etiam
1167 2061 1198 2119 in
1214 2061 1301 2122 titulo
1317 2066 1432 2125 urbano

101 2158 175 2233 (Vl,
193 2159 281 2234 737),
309 2177 406 2234 quem,
424 2160 538 2234 primus
565 2158 658 2216 edidit
679 2157 831 2217 Brunnius
858 2160 942 2218 Ball.
964 2160 1032 2219 dett’
1046 2161 1118 2220 last.
1137 2160 1216 2221 1862
1238 2183 1268 2240 p.
1286 2164 1345 2223 150
1357 2184 1432 2244 seq,

102 2259 320 2336 depingendum
348 2260 465 2317 curavit
486 2256 614 2318 Carolus
636 2256 810 2316 Ludovicus
824 2259 963 2319 visconti
988 2261 1019 2319 in
1047 2263 1205 2320 annalibus
1227 2263 1359 2325 eiusdem
1381 2266 1433 2324 Iu-

101 2361 199 2419 stituti
220 2380 247 2419 a.
267 2359 346 2418 1864
368 2361 399 2418 in
421 2359 523 2417 tabula
545 2358 665 2417 adnexa
685 2357 714 2416 N
730 2359 790 2433 (cs.
813 2378 841 2435 p.
861 2359 917 2418 177
927 2362 1035 2437 seqq).
1051 2394 1093 2406 -
1114 2361 1172 2420 Vv.
1190 2363 1216 2421 5.
1234 2365 1252 2424 6
1274 2364 1433 2440 legendum

100 2470 147 2520 est
168 2462 224 2521 sic:
253 2478 430 2535 anomau
443 2475 571 2520 consere
587 2474 740 2519 rausero
755 2475 984 2520 coeanensrvn.
1026 2460 1271 2538 Quinqueunales
1294 2466 1433 2545 collegio-

100 2582 167 2620 rum
190 2563 306 2621 0stendi
329 2562 399 2621 alibi
421 2560 516 2637 (Ball.
538 2560 605 2619 dell'
622 2562 695 2618 Iast.
714 2561 789 2618 1871
815 2581 843 2636 p.
863 2562 920 2621 148
929 2563 1027 2638 seqq.)
1050 2563 1212 2639 inquines
1234 2583 1341 2637 annos,
1364 2587 1433 2640 nou,

102 2672 135 2720 ut
160 2663 398 2740 quinquennales
425 2662 669 2738 municipiorum,
697 2663 728 2719 iu
754 2661 888 2736 quintum
913 2681 1061 2740 quemque
1086 2683 1196 2722 annum
1222 2675 1339 2724 creatos
1365 2687 1434 2728 esse

102 2764 196 2821 allato
228 2765 395 2840 fragmento
425 2763 569 2821 fastorum
598 2762 717 2838 collegii
745 2761 916 2834 cuiusdam,
948 2764 980 2820 in
1008 2764 1116 2840 quibus
1146 2775 1216 2841 post
1242 2766 1334 2841 quina
1363 2786 1434 2826 cou-

102 2864 199 2922 sulum
225 2865 311 2940 paria
336 2863 575 2940 quinquennales
602 2880 657 2921 sex
684 2881 808 2922 numero
834 2871 995 2941 ponuntur.
1039 2863 1075 2923 Id
1102 2865 1260 2943 collegium
1287 2885 1354 2925 cum
1381 2887 1436 2946 per

102 2965 198 3023 lustra
229 2965 325 3023 fastos
359 2983 429 3023 suos
461 2964 594 3034 ordinet,
630 2963 719 3020 facile
750 2962 946 3039 intellegitur,
983 2983 1035 3023 cur
1066 2967 1170 3040 quinto
1203 2984 1323 3042 quoque
1356 2987 1435 3028 anno

103 3066 264 3144 magistros
296 3065 433 3136 mutarit,
461 3064 696 3140 crediderimque
725 3081 920 3140 quaecunque
947 3065 1075 3141 collegia
1095 3083 1155 3124 nou
1177 3067 1216 3124 ad
1237 3085 1347 3141 annos,
1381 3072 1436 3129 sed

103 3166 142 3224 ad
168 3167 265 3224 lustra
291 3174 461 3236 numerent,
487 3164 517 3223 id
544 3165 624 3240 quod
652 3183 742 3241 saepe
768 3183 827 3226 usn
847 3165 949 3225 venire
976 3176 1079 3225 notum
1106 3176 1165 3238 est,
1195 3170 1355 3245 magistros
1380 3172 1436 3232 ha-

104 3267 206 3325 buisse
238 3265 476 3341 quinquennales
509 3264 606 3324 dictos
638 3275 668 3322 et
698 3273 779 3324 reete
811 3273 872 3323 tam
905 3286 944 3324 ex
975 3266 1078 3325 lustris
1106 3266 1301 3343 collegiorum
1332 3271 1436 3347 colligi

104 3367 264 3442 magistros
290 3366 385 3424 fuisse
411 3365 648 3443 quinquennales
673 3382 763 3439 quarn
790 3383 829 3420 ex
855 3365 1008 3441 magistris
1028 3366 1300 3440 quinquennalibus
1321 3377 1435 3448 tempo-

102 3487 169 3527 rum
192 3467 229 3525 ad
250 3466 348 3525 lustra
369 3466 610 3548 descriptionem.
632 3495 670 3508 -·
702 3463 845 3522 Treieetnc
865 3464 918 3540 qui
946 3476 1195 3525 commemoratur
1216 3467 1280 3525 sive
1301 3475 1436 3529 nanctus

104 3570 190 3628 locus
212 3567 329 3627 videtur
351 3584 427 3639 esse,
449 3585 509 3642 quo
531 3566 641 3625 flumen
662 3563 786 3641 aliquod
808 3565 1039 3624 transvehuntur
1060 3566 1200 3642 scaphae,
1225 3567 1257 3626 id
1278 3577 1325 3627 est
1345 3573 1436 3638 statio

105 3669 344 3745 scaphariorum,
377 3675 410 3726 ut
438 3666 571 3725 Venetiis
602 3665 721 3724 nomine
753 3663 853 3724 adhuc
880 3673 1004 3724 utuntur
1030 3666 1111 3743 quod
1139 3676 1187 3727 est
1214 3678 1323 3728 traetto.
1370 3671 1436 3730 Iam

105 3789 173 3828 cum
206 3770 395 3827 inveniantur
424 3767 530 3828 Ostiae
561 3785 671 3844 corpus
704 3765 921 3842 secretariorum
954 3775 980 3823 et
1011 3767 1271 3828 lenunculors'orum
1304 3775 1437 3833 traiectus

106 3869 224 3930 botulli
247 3868 354 3947 (Orell.
377 3869 473 3946 4109)
501 3877 531 3927 et
557 3867 836 3945 q(ur'n)q(uennolie)
859 3871 987 3926 treiectus
1007 3886 1177 3926 momorum
1199 3867 1308 3942 (Orcll.
1328 3872 1436 3949 4106),

107 3976 236 4030 treiectus
258 3989 376 4048 quoque
399 3974 586 4047 topatensium
611 3968 649 4027 ad
671 3967 786 4027 Ostiam
810 3968 926 4026 videtur
946 3968 1120 4027 referendus
1142 3987 1223 4040 esse,
1246 3970 1437 4048 Togatenses

107 4080 205 4131 autem
228 4073 453 4149 scaphariornm
475 4069 598 4146 aliquod
620 4069 713 4128 fuisse
736 4070 905 4146 collegium.
951 4065 1010 4141 Qui
1035 4088 1089 4127 cur
1110 4070 1244 4128 dicantur
1269 4071 1438 4148 Toqotenaec

108 4191 168 4230 non
190 4173 353 4248 perspicio:
375 4172 515 4230 videntur
536 4179 636 4228 tamen
657 4169 759 4246 aliquo
782 4169 870 4226 modo
892 4169 1042 4227 coniuncti
1058 4187 1122 4228 esse
1137 4189 1203 4227 cum
1219 4171 1344 4246 togatis3
1367 4191 1437 4230 nam

107 4271 333 4330 declinationem
362 4289 439 4346 quae
467 4282 514 4329 est
540 4274 616 4329 entia
644 4288 705 4328 non
733 4270 773 4327 ad
799 4269 962 4328 civitatium
989 4269 1111 4326 nomina
1138 4270 1205 4327 sola
1231 4277 1312 4328 recte
1342 4272 1438 4348 appli-

108 4371 169 4430 cari
191 4380 359 4430 monstrant
378 4371 492 4430 formae
513 4389 591 4447 quae
613 4379 685 4429 sunt
708 4369 880 4441 Cicinenaes,
903 4369 1096 4440 Quirinenaea,
1119 4368 1311 4429 Poctanencec
1337 4371 1438 4446 (Hen-

109 4492 165 4530 zen
180 4472 197 4530 7
203 4469 291 4547 216),
320 4472 451 4532 fortasse
479 4472 570 4530 etiam
596 4487 738 4530 amantea
766 4470 818 4546 (cl.
841 4471 878 4528 de
900 4469 991 4529 Rossi
1012 4469 1094 4529 Butt
1118 4472 1149 4528 di
1171 4471 1293 4529 orchcol.
1316 4476 1395 4532 crist.
1418 4471 1436 4528 2

109 4593 138 4652 p.
155 4572 193 4632 57
202 4571 313 4649 seqq).
352 4572 476 4649 Toparon
497 4590 518 4630 o
530 4573 601 4648 loro
622 4581 649 4630 ct
670 4572 705 4629 de
725 4574 886 4630 cocomario
901 4569 1007 4630 Ostiae
1028 4571 1168 4630 novimus
1190 4569 1258 4646 (Or.
1274 4571 1381 4648 4109).
1398 4604 1435 4617 -—

111 4672 256 4732 Formula
276 4690 355 4749 quae
374 4673 406 4732 in
426 4673 486 4733 line
506 4671 712 4751 inscriptionis
734 4681 781 4731 est
801 4688 910 4749 temper
930 4672 1015 4731 hahet
1034 4671 1106 4728 mihi
1128 4681 1158 4730 et
1179 4688 1257 4729 nova
1275 4682 1323 4730 est
1341 4683 1371 4730 et
1386 4693 1438 4748 pa·

110 4793 175 4834 rum
197 4772 394 4853 intellsgltnrz
414 4772 548 4853 cogitavi
567 4773 666 4852 primo
679 4772 718 4832 de
731 4771 833 4831 littera
847 4772 863 4830 0
877 4770 943 4830 loco
957 4772 1075 4831 litterae
1089 4791 1107 4830 u
1120 4774 1230 4849 posita,
1251 4772 1294 4830 ita
1310 4782 1342 4831 ut
1356 4773 1439 4832 hahet

112 4876 257 4953 scriptum
278 4875 320 4949 ait
337 4891 396 4952 pro
414 4882 491 4935 cestr
511 4871 568 4935 sad
586 4888 687 4953 nsque
705 4872 781 4933 haec
793 4871 925 4933 formula
938 4871 1058 4932 aliunde
1073 4880 1144 4931 nota
1157 4883 1205 4932 est
1218 4890 1315 4949 neque
1330 4875 1440 4932 vitiosa

111 4995 148 5035 aa
168 4975 320 5054 scriptura
338 4972 479 5046 manauit
495 4970 585 5045 dulc
602 4980 685 5035 sacta
704 4981 738 5035 at
755 4983 894 5037 mutate
914 4974 1090 5051 perscripto.

765 5122 877 5139 m

1177 5166 1214 5222 15
