3480 5804
605 552 904 608 ossanvsmorms
923 555 1040 608 aaron
1054 557 1129 607 vm.
1458 544 1527 614 145

201 744 272 787 esse
293 746 332 786 ex
346 724 383 785 L.
399 726 511 785 Pisone
526 723 696 784 Caesonino
717 726 840 784 consule
860 744 887 784 a.
901 725 972 785 698.
1008 727 1143 787 Eundem
1165 730 1319 804 probabile
1335 742 1382 791 cst
1394 734 1530 794 ultimum

201 846 328 887 suorum
354 826 432 885 diem
459 827 572 885 obiisse
598 825 822 902 octogenarium
848 846 875 885 a.
895 846 925 903 p.
941 824 1013 886 Chr.
1030 826 1069 885 32
1092 828 1238 904 (Tacitus
1259 831 1279 890 1.
1294 831 1351 909 c.);
1377 853 1446 893 nam
1472 837 1530 895 etsi

201 927 283 987 tilios
310 927 387 987 duos
414 946 482 986 eum
507 926 651 985 habuisse
678 935 796 986 constat
821 947 860 987 ex
884 927 1004 986 Horatii
1031 929 1070 987 ad
1098 929 1198 1004 ipsum
1226 932 1364 1010 filiosque
1391 936 1529 1011 epistula,

201 1028 256 1089 vix
282 1046 336 1087 eos
361 1038 431 1105 post
452 1045 486 1087 se
510 1027 642 1104 reliquit.
683 1028 772 1087 Alter
797 1030 877 1087 enim
899 1046 1002 1087 eorum
1027 1037 1058 1087 et
1083 1032 1180 1089 maior
1200 1033 1333 1108 quidem,
1357 1054 1425 1094 curn
1446 1057 1530 1114 prae·

202 1145 312 1187 nomen
337 1136 495 1207 paternum
521 1135 620 1206 gerat,
648 1129 810 1187 secundum
835 1130 1020 1207 probabilem
1042 1132 1244 1191 coniecturam
1266 1134 1424 1212 Borghesii
1446 1138 1529 1216 (opp.

203 1228 236 1301 5,
250 1228 326 1305 312)
346 1228 383 1287 L.
405 1229 480 1287 Piso
506 1236 552 1287 est
576 1229 603 1287 is
630 1229 682 1304 qui
710 1230 828 1306 legatus
849 1228 1016 1304 Hispaniae
1037 1231 1184 1290 citerioris
1206 1235 1295 1310 periit
1315 1255 1342 1294 a
1357 1255 1386 1312 p.
1403 1236 1474 1297 Chr.
1490 1239 1530 1297 20

203 1328 292 1404 (Tac.
315 1347 385 1387 ann.
404 1331 438 1401 4,
453 1328 519 1405 43).
562 1329 612 1387 Ad
640 1330 784 1389 minorem
806 1339 905 1388 autem
927 1331 1008 1407 quod
1028 1332 1147 1403 attinet,
1176 1352 1214 1392 ne
1239 1338 1386 1413 reperitur
1411 1340 1531 1415 quidem

203 1428 281 1491 Piso
307 1429 399 1503 alter,
425 1448 513 1506 quem
540 1429 683 1506 praefecti
708 1430 792 1488 illius
817 1430 911 1488 filium
939 1430 1060 1491 credere
1081 1432 1186 1505 liceat,
1212 1444 1246 1493 ut
1266 1436 1337 1496 item
1357 1447 1443 1513 patre
1463 1440 1533 1498 vivo

205 1536 259 1589 aut
283 1528 363 1589 diem
389 1530 503 1590 obiisse
528 1530 665 1588 videatur
690 1537 744 1590 aut
769 1530 930 1607 adoptione
956 1551 995 1590 ex
1020 1532 1135 1592 familia
1161 1534 1283 1595 exiisse.
1327 1536 1416 1598 Certe
1440 1540 1533 1617 Frugi

206 1647 372 1709 cognomen
398 1631 477 1708 apud
499 1629 681 1709 Calpurnios
708 1630 837 1708 amplius
864 1649 925 1690 non
950 1632 1110 1705 invenitur,
1136 1653 1233 1711 neque
1259 1655 1400 1713 umquam
1422 1659 1458 1698 eo
1480 1658 1537 1700 usa

206 1739 256 1790 est
275 1731 372 1791 altera
392 1733 485 1810 stirps
499 1730 731 1808 Calpurniorum
745 1731 902 1804 Pisonum,
924 1733 972 1791 cui
992 1733 1147 1809 proprium
1169 1743 1216 1794 est
1231 1756 1412 1813 praenomen
1427 1738 1537 1812 Gnaei,

206 1853 276 1894 cum
303 1834 392 1895 Lucii
418 1843 449 1893 et
475 1831 535 1893 Gai
561 1833 730 1891 communia
754 1833 864 1892 habeat
890 1851 957 1891 cum
986 1831 1164 1893 Caesoninis
1192 1843 1222 1894 et
1247 1836 1349 1915 Frugi.
1392 1840 1537 1916 Princeps

207 1936 274 1997 eius
295 1936 410 2014 stirpis,
430 1934 483 2013 qui
504 1933 626 2010 quidem
647 1932 734 1991 nobis
748 1942 838 1992 notus
854 1934 903 2005 sit,
925 1931 980 1993 Cn.
995 1933 1070 1993 Piso
1091 1952 1152 1994 cos.
1175 1954 1203 1995 a.
1219 1958 1247 1995 u.
1263 1955 1288 1995 c.
1305 1938 1365 1997 615
1387 1942 1538 2015 quomodo

207 2037 248 2096 ad
275 2054 462 2096 communem
490 2034 636 2111 originem
664 2033 861 2111 applicandus
889 2036 945 2106 sit,
974 2034 1056 2094 latet.
1104 2034 1273 2096 Duravissc
1302 2058 1368 2098 cam
1397 2042 1539 2102 extinctis

210 2136 390 2197 Caesoniuis
410 2144 442 2195 et
462 2135 557 2212 Frugi
578 2143 608 2193 et
629 2141 732 2192 notum
754 2143 801 2193 est
823 2141 853 2193 et
873 2135 952 2193 inira
972 2134 1009 2193 de
1027 2136 1190 2196 Pisonibus
1211 2138 1249 2197 iis
1270 2138 1394 2199 dicetur.

292 2236 353 2299 Sed
379 2255 441 2314 quo
467 2244 601 2312 tempore
624 2233 780 2310 Calpurnii
803 2234 930 2293 Pisones
951 2235 1047 2313 Frugi
1073 2254 1140 2295 esse
1168 2237 1322 2311 desinunt,
1352 2241 1456 2300 eodem
1478 2240 1540 2301 fere

209 2340 242 2397 in
269 2356 408 2399 maenam
429 2337 553 2396 veniunt
573 2335 682 2394 Licinii
705 2333 807 2393 Crassi
829 2334 933 2412 Frugi.
977 2334 1101 2397 Scilicet
1121 2338 1248 2412 primum
1271 2340 1336 2398 eius
1358 2341 1462 2417 stirpis
1484 2343 1542 2400 hoc

209 2440 388 2517 cognomine
420 2436 593 2496 distinctum
626 2436 795 2494 invenimus
827 2436 869 2493 M.
901 2434 1050 2493 Licinium
1084 2434 1229 2496 Crassum
1262 2439 1356 2515 Frugi
1387 2443 1542 2500 consulem

210 2559 240 2600 a.
254 2560 285 2619 p.
301 2522 372 2599 Chr.
388 2532 486 2612 2⁷¹),
513 2536 599 2594 ouius
626 2535 677 2610 qui
699 2542 785 2610 pater
804 2532 899 2591 fuisse
920 2534 1038 2591 videtur
1058 2535 1164 2591 consul
1186 2553 1214 2594 a.
1231 2537 1290 2593 740
1312 2563 1349 2587 =
1370 2559 1396 2596 a.
1415 2538 1485 2598 Chr.
1505 2544 1542 2600 14

211 2642 254 2700 M.
274 2638 411 2699 Licinius
434 2635 578 2706 Crassus,
604 2634 781 2711 cognomine
802 2633 897 2708 Frugi
921 2630 1100 2709 absonet²>.
1144 2632 1319 2712 cognomen
1340 2638 1416 2697 illud
1438 2641 1468 2699 in
1490 2640 1544 2701 Li·

211 2741 321 2801 ciniam
346 2748 465 2816 gentem
493 2736 609 2794 illatum
637 2751 705 2793 esse
730 2752 792 2793 non
817 2740 917 2811 potest
944 2733 1003 2792 nisi
1029 2744 1082 2792 aut
1108 2754 1127 2793 a
1147 2735 1241 2811 stirpe
1262 2744 1397 2797 materna
1418 2750 1470 2799 aut
1491 2761 1545 2818 per

212 2840 293 2920 adop
308 2841 419 2912 onem,
444 2838 587 2913 illamque
609 2835 785 2895 sententiam
808 2834 864 2892 viri
887 2833 967 2893 docti
988 2833 1078 2893 hodie
1098 2834 1161 2894 fere
1182 2837 1410 2912 amplectuntur.
1454 2843 1497 2900 At
1518 2844 1545 2900 ei

213 2942 351 3021 opinioni
378 2941 435 3000 hoc
460 2939 575 3009 obstat,
604 2936 684 3014 quod
704 2936 835 2994 Pisones
856 2932 951 3010 Frugi
977 2934 1054 2993 nulli
1078 2935 1270 2996 inveniuntur
1296 2948 1366 3016 post
1391 2944 1545 3001 consulem

215 3063 244 3103 a.
260 3043 332 3115 739,
354 3059 444 3119 quem
466 3039 594 3098 vidimus
616 3036 720 3113 stirpis
742 3053 815 3095 suae
834 3034 931 3095 fuisse
952 3035 1047 3094 videri
1070 3037 1223 3110 ultimum;
1246 3041 1312 3098 eius
1334 3048 1433 3101 autem
1454 3044 1546 3103 liliam

217 3143 359 3221 nupsisse
378 3142 420 3201 M.
443 3139 557 3200 Crasso
578 3137 695 3198 consuli
716 3158 743 3196 a.
761 3136 821 3195 740
848 3145 878 3195 et
901 3137 933 3195 in
956 3135 1075 3195 domum
1097 3156 1163 3197 eam
1184 3157 1252 3198 curn
1274 3141 1438 3200 hereditate
1459 3144 1548 3202 Piso-

211 3262 289 3307 num
309 3242 404 3319 Frugi
429 3242 519 3302 etiam
547 3237 728 3317 cognomina
754 3236 909 3308 intulisse,
935 3239 1043 3295 aetatis
1068 3238 1233 3297 rationibus
1260 3257 1320 3298 non
1348 3244 1423 3300 satis
1446 3253 1547 3317 aptum

218 3344 316 3421 est⁸).
358 3342 457 3421 Magis
483 3339 659 3401 crediderim
681 3337 723 3397 M.
745 3335 897 3395 Licinium
919 3334 1063 3395 Crassum
1084 3336 1179 3414 Frugi
1205 3340 1359 3398 consulem
1386 3360 1413 3399 a.
1430 3340 1468 3398 27
1495 3362 1547 3401 na-

217 3458 287 3507 tura
311 3444 406 3504 filium
426 3442 522 3501 luisse
543 3440 690 3500 minorem
710 3436 747 3495 L.
770 3435 891 3495 Pisonis
912 3452 974 3494 cos.
999 3456 1026 3494 a.
1044 3437 1118 3508 739,
1147 3437 1270 3495 fratrem
1291 3438 1382 3515 igitur
1403 3441 1547 3501 minorem

217 3546 255 3607 1..
269 3544 393 3606 Pisonis
407 3542 499 3623 legati
513 3539 682 3617 Hispaniae
700 3558 728 3597 a.
742 3557 773 3615 p.
786 3534 858 3595 Chr.
871 3534 910 3593 26
932 3535 1118 3611 alterumque
1132 3537 1271 3595 iuvenum
1287 3556 1400 3607 eorum,
1417 3540 1456 3597 ad
1471 3560 1548 3616 quos

218 3646 366 3714 Horatius
391 3644 428 3704 de
448 3644 535 3721 poesi
556 3640 715 3718 epistulam
737 3638 832 3709 dedit;
859 3636 985 3695 eundem
1006 3636 1181 3712 adoptatum
1203 3647 1309 3714 postea
1330 3656 1349 3695 a
1369 3638 1410 3697 M.
1434 3637 1547 3702 Crasso

218 3749 375 3825 antiquum
396 3762 560 3822 cognomen
582 3743 751 3802 retinuisse.
787 3740 836 3799 Ita
856 3738 935 3797 enim
957 3747 987 3796 et
1007 3746 1143 3814 tempora
1163 3746 1233 3815 apte
1254 3739 1430 3799 ordinantur
1449 3748 1480 3800 et
1493 3744 1549 3802 mi·

219 3868 287 3910 rum
314 3840 352 3907 dc
380 3845 474 3905 altero
501 3844 554 3903 illo
580 3844 644 3902 filio
671 3840 822 3901 silentium
849 3839 1020 3918 explicatur
1046 3846 1076 3897 et
1101 3840 1310 3899 consuetudini
1336 3842 1485 3901 clarorum
1506 3844 1549 3903 fa-

219 3950 373 4011 miliarum
393 3947 459 4006 eius
481 3944 587 4005 aetatis
609 3942 756 4013 convenit,
777 3949 811 4001 ut
831 3942 882 4019 qui
904 3941 972 4019 plus
994 3957 1054 3998 urm
1069 3940 1132 3999 filio
1148 3940 1280 4015 haberet,
1302 3941 1430 4002 alterum
1444 3944 1549 4004 liberis

221 4048 334 4112 omenti
355 4048 449 4108 nobili
470 4048 500 4105 in
522 4044 711 4120 adoptionem
734 4043 826 4100 daret.

301 4350 326 4414 ¹)
354 4348 393 4401 M.
406 4347 523 4401 Licinius
538 4344 646 4398 Crassus
657 4343 755 4411 Frugi:
775 4345 834 4395 fast.
851 4345 916 4394 Aru.
937 4343 1052 4405 (Henzen
1066 4341 1135 4393 Ball.
1151 4344 1221 4393 1809
1240 4358 1265 4407 p.
1281 4344 1353 4403 123).
1381 4340 1419 4391 M.
1433 4341 1550 4393 Licinius

226 4442 349 4494 Crassus.-
367 4440 448 4493 Orell.
464 4439 526 4490 166.
563 4436 601 4488 M.
625 4433 731 4487 Crassus
748 4433 847 4501 Frugi.-
866 4433 941 4486 Grut.
955 4436 1017 4496 200,
1031 4434 1057 4484 6.
1076 4434 1156 4485 Orcll.
1170 4434 1251 4484 3056.
1265 4434 1347 4484 3796.
1365 4434 1433 4484 Mur.
1447 4434 1509 4496 302,
1524 4436 1549 4484 2.

223 4532 263 4585 Μ.
282 4530 414 4584 Licinius.-
432 4531 538 4583 'Facinus
557 4545 617 4580 ann.
631 4530 657 4589 4,
672 4530 715 4577 27.
750 4523 858 4576 Crassus
876 4522 973 4591 Frugi.-
993 4526 1100 4578 Sueton.
1115 4524 1208 4576 Claud.
1222 4527 1265 4585 173
1285 4524 1384 4576 Seneca
1403 4525 1489 4588 apoth.
1506 4528 1549 4575 11.

223 4622 264 4675 Μ.
286 4620 407 4674 Casas:
429 4622 514 4673 Tacit.
533 4620 593 4671 hist.
614 4620 697 4681 1,14.
735 4614 773 4667 Μ.
796 4614 928 4667 Cras....·
951 4616 1010 4666 fast.
1029 4617 1095 4665 Aru.
1115 4614 1236 4675 (Henzen
1256 4613 1325 4665 Ball.
1348 4615 1417 4667 1869
1437 4631 1462 4680 p.
1479 4616 1551 4677 122).

227 4712 350 4767 Οναεενοε
369 4714 469 4767 Seneca
486 4711 574 4777 apoth.
591 4712 638 4773 113
658 4709 726 4760 Plut.
746 4708 821 4761 Galb.
837 4708 884 4769 233
904 4707 964 4758 lasti
983 4707 1049 4757 idat.
1069 4706 1172 4771 aliique.

300 4803 326 4868 ²)
353 4806 412 4869 Ip.
426 4804 488 4855 646.
503 4804 565 4853 647.

302 4894 327 4957 ³)
355 4898 397 4946 Ita
415 4896 483 4945 enim
501 4894 654 4943 haberemus
672 4905 789 4940 socerum
801 4902 974 4953 generumque
988 4889 1078 4937 eodem
1091 4888 1168 4950 plana
1181 4894 1295 4949 tempure
1309 4887 1433 4935 consules.
1465 4886 1551 4936 Etiam

226 4990 312 5039 minus
336 4985 505 5052 probabiliter
521 4983 685 5034 Lehmaunus
710 4981 737 5030 iu
761 4980 847 5030 tabula
870 4980 971 5029 adiecta
989 4979 1077 5042 quinta
1094 4977 1174 5026 filiam
1194 4976 1305 5026 consulis
1324 4992 1348 5025 a.
1362 4976 1415 5025 758
1434 4977 1554 5040 opinatur

226 5080 345 5145 nupsisse
363 5076 463 5127 consuli
481 5090 505 5125 a.
516 5076 578 5125 740.
615 5071 771 5135 Borghesius
790 5086 849 5135 opp.
864 5072 894 5129 6,
909 5070 961 5119 322
982 5070 1041 5117 item
1061 5068 1191 5117 existimat
1208 5081 1316 5117 uxorem
1336 5066 1421 5117 Crassi
1442 5068 1554 5117 consulis

228 5185 253 5220 a.
268 5172 322 5220 740
340 5168 445 5219 nomine
464 5165 630 5230 Calpurniam
650 5163 738 5222 iuuisse,
758 5175 882 5225 quaenam
901 5174 962 5209 vero
981 5159 1066 5219 iuuerit,
1086 5174 1138 5209 non
1158 5159 1255 5209 delinit.

1291 5249 1329 5303 10
