3480 5804
299 484 371 554 288
870 502 1052 555 naumann

297 665 405 732 Μάνιος
424 663 546 731 Ἀκίλιος
567 663 674 727 Μανίου
697 665 756 732 υἱός
775 665 944 748 ’osennae
966 691 993 730 v.
1016 672 1045 729 4.
1089 671 1163 730 Fuit
1187 691 1223 730 ea
1242 680 1339 732 aetate
1360 673 1411 730 Μ’.
1433 673 1550 731 Acilius
1571 671 1624 731 M’.

339 774 359 832 f.
383 771 509 832 Glabrio
536 771 642 830 duovir
667 772 735 832 aedi
760 772 942 832 dedicandae
968 793 995 832 a.
1018 773 1077 831 573
1106 773 1187 848 (Liv.
1207 773 1258 846 40,
1282 774 1346 849 34),
1369 774 1475 832 consul
1503 791 1530 830 a.
1553 773 1623 832 600.

338 871 398 934 Sed
420 875 495 932 duos
516 882 579 932 tum
601 873 719 933 Manios
741 874 856 933 Acilios
879 874 971 932 Mauii
994 874 1074 933 filios
1095 875 1126 932 in
1148 883 1253 933 senatu
1274 875 1369 933 luisse
1390 875 1547 952 probabile
1568 883 1625 944 est,

338 994 405 1034 cum
428 975 508 1050 quod
529 993 584 1052 per
608 993 645 1032 ea
664 984 800 1050 tempora
825 984 943 1052 praeter
967 975 1083 1034 Acilios
1105 972 1285 1035 Glabriones
1310 976 1400 1034 etiam
1424 975 1514 1034 Acilii
1535 974 1625 1033 Balbi

338 1076 502 1134 floruerunt
526 1083 556 1133 et
581 1076 639 1151 ipsi
665 1076 758 1133 Manii
784 1077 976 1151 praenomine
1001 1093 1092 1151 saepe
1117 1076 1165 1134 usi
1193 1075 1241 1151 (ut
1266 1097 1292 1134 a
1317 1077 1378 1135 604
1404 1077 1503 1135 fasces
1530 1074 1626 1153 gessit

338 1176 390 1235 Μ’.
412 1177 529 1234 Acilius
550 1175 586 1234 L.
601 1175 623 1235 i.
638 1176 763 1251 Balbus)
785 1183 847 1234 tum
870 1177 951 1252 quod
971 1176 1002 1233 iu
1023 1176 1082 1235 hoc
1104 1195 1163 1234 uno
1184 1177 1304 1236 homine
1319 1178 1413 1235 tribus
1436 1176 1625 1248 adscribitur,

337 1287 410 1354 puto
431 1286 465 1335 ut
485 1296 539 1353 per
559 1296 624 1335 cam
647 1276 705 1335 duo
727 1276 861 1334 eiusdem
882 1277 1011 1335 nominis
1032 1277 1088 1335 viri
1112 1277 1349 1354 distinguantur,
1375 1277 1406 1335 id
1427 1277 1508 1353 quod
1534 1277 1625 1335 etiam

337 1378 502 1437 Foucartus
530 1387 609 1436 recte
636 1377 793 1436 intellexit.
840 1375 916 1436 Uter
940 1376 1033 1454 igitur
1058 1378 1255 1454 significetur,
1284 1377 1408 1438 Glabrio
1436 1397 1475 1436 an
1500 1377 1625 1448 Balbus,

337 1479 480 1537 incertum
503 1488 559 1537 est.

296 1569 378 1640 Τίτος
399 1570 528 1645 Noniano
549 1572 633 1636 Τίτου
655 1568 715 1638 oio'e
736 1597 764 1637 v.
786 1578 815 1637 5.
850 1578 933 1637 Idem
954 1589 1010 1652 cst,
1032 1581 1084 1656 qui
1105 1579 1186 1657 apud
1200 1578 1321 1638 Livium
1343 1580 1394 1651 45,
1419 1580 1467 1651 17,
1490 1580 1507 1636 3
1531 1579 1626 1637 nomi·

337 1689 426 1738 natur
445 1680 522 1737 inter
535 1680 650 1758 legatos
671 1697 732 1736 non
747 1679 923 1737 consulares
938 1680 968 1738 in
983 1679 1190 1739 Macedoniam
1205 1681 1313 1739 missos
1336 1698 1364 1738 a.
1380 1679 1439 1740 587
1454 1679 1493 1736 ad
1511 1696 1560 1736 res
1582 1679 1624 1736 ibi

337 1780 518 1839 ordinandas
539 1780 576 1839 T.
598 1779 755 1839 Numisius
776 1779 1013 1855 Tarquiniensis.

295 1872 416 1942 lla'ntaoe
436 1880 558 1938 Μούκιος
581 1875 694 1937 Κοίντου
723 1871 784 1940 vio'e
809 1899 837 1938 v.
862 1882 908 1940 15.
951 1880 1140 1957 Intellegitur
1165 1880 1200 1938 P.
1229 1880 1349 1939 Mucius
1373 1877 1410 1952 Q.
1433 1878 1452 1936 f.
1476 1875 1623 1938 Scaevola

337 1981 443 2042 consul
463 2001 490 2040 a.
507 1981 577 2053 579,
597 1981 766 2040 consularis
780 1981 879 2058 igitur,
901 1998 961 2057 quo
976 1988 1110 2057 tempore
1125 1981 1161 2039 dc
1176 1979 1339 2039 Thisbaeis
1354 1987 1476 2039 senatus
1491 1979 1624 2038 decrevit

336 2089 367 2140 ct
387 2090 545 2159 propterea
565 2082 662 2157 primo
683 2083 750 2140 loco
772 2081 940 2140 nominatus
959 2080 1037 2140 inter
1058 2099 1122 2154 eos,
1143 2082 1195 2157 qui
1209 2082 1371 2157 posteriori
1391 2080 1528 2140 consulto
1552 2080 1622 2139 scri-

337 2183 434 2240 bendo
456 2182 621 2241 adfuerunt.

295 2276 433 2366 Mrr'apuoe
454 2274 599 2345 Κλαύδιος
621 2273 759 2368 Μαᾶρκου
781 2273 839 2350 υἱός
860 2303 886 2341 v.
910 2284 958 2342 16.
994 2282 1185 2361 Intellegitur
1205 2282 1246 2341 Μ.
1270 2280 1416 2341 Claudius
1437 2282 1478 2339 Μ.
1500 2282 1521 2339 f.
1544 2282 1624 2340 Mar·

336 2385 430 2444 cellos
456 2396 576 2461 praetor
602 2405 628 2443 a.
651 2406 678 2443 u.
702 2404 728 2443 c.
751 2383 811 2443 585
839 2383 921 2458 (Liv.
944 2384 1000 2456 43,
1025 2383 1093 2459 11),
1122 2383 1226 2442 consul
1252 2402 1278 2441 a
1303 2383 1373 2442 588.
1397 2382 1467 2442 599.
1491 2381 1562 2454 608,
1587 2400 1623 2441 eo

336 2488 426 2563 igitur
454 2495 596 2564 tempore,
618 2504 678 2561 quo
700 2492 823 2543 senatus
852 2485 1023 2543 consultum
1051 2485 1163 2543 factum
1190 2492 1246 2556 est,
1273 2493 1430 2560 praeturae
1457 2484 1623 2561 proximus.

335 2586 414 2646 Nam
436 2587 473 2645 de
494 2587 555 2645 alio
576 2587 617 2645 M.
641 2584 767 2645 Claudio
788 2585 830 2643 M.
852 2585 873 2643 l.
896 2585 1037 2644 Marcello
1060 2586 1181 2644 consule
1203 2603 1230 2643 a.
1253 2585 1324 2656 571,
1348 2585 1489 2643 defuncto
1511 2604 1538 2643 a.
1562 2585 1622 2644 585

337 2688 417 2762 (Liv.
439 2688 490 2760 43,
518 2687 569 2762 18)
597 2686 722 2764 cogitari
749 2704 809 2744 non
835 2693 947 2763 potest,
974 2686 1116 2762 quoniam
1144 2687 1193 2745 hic
1221 2684 1379 2762 ponendus
1406 2685 1463 2744 luit
1488 2696 1558 2745 ante
1584 2684 1622 2759 Q.

335 2790 467 2848 Mucium
489 2788 639 2847 consulem
661 2807 687 2845 a.
711 2787 781 2846 579.

293 2880 401 2949 Μάνιος
423 2879 540 2971 Σέργιος
563 2880 670 2944 Μανίου
693 2877 752 2947 aio'e
774 2906 801 2945 v.
827 2888 874 2945 16.
917 2886 1011 2946 Recte
1032 2887 1202 2946 Foucartus
1230 2887 1351 2965 negavit
1374 2886 1508 2963 intellegi
1534 2906 1625 2963 posse

335 2990 376 3049 M.
400 2987 535 3066 Sergium
559 2985 652 3047 Silum
678 2995 845 3064 praetorem
868 3007 895 3046 a.
919 3007 948 3045 u.
972 3007 998 3046 o.
1020 2989 1094 3060 557;
1121 2988 1147 3046 is
1175 2987 1254 3045 onim
1281 2994 1350 3064 post
1371 2987 1545 3046 Marcellum
1568 2990 1620 3048 ho-

336 3090 446 3150 minem
467 3106 528 3147 non
548 3089 730 3164 praetorium
752 3088 893 3146 collocari
914 3106 974 3146 non
995 3088 1102 3164 potuit,
1126 3094 1282 3163 practerea
1302 3086 1424 3147 Marcus
1445 3089 1546 3165 potius
1567 3090 1625 3148 fuit

335 3207 424 3267 quam
445 3189 565 3248 Manius
587 3188 639 3263 (cl.
661 3190 729 3246 rim.
751 3189 932 3248 Meinaweaaa
954 3208 982 3265 p.
1005 3187 1090 3262 553).
1126 3187 1175 3247 De
1195 3187 1259 3246 tilio
1281 3187 1346 3247 eius
1367 3189 1408 3246 M.
1429 3186 1536 3267 Sergio
1558 3188 1623 3251 Silo

337 3309 425 3366 quem
452 3290 559 3349 Livius
587 3290 638 3362 40,
667 3289 717 3360 44,
743 3290 761 3347 5
791 3289 894 3348 scribit
918 3309 945 3347 a
969 3288 1029 3347 588
1055 3288 1185 3366 legatum
1211 3288 1245 3346 in
1268 3287 1445 3347 Macedonia
1468 3291 1623 3364 meruisse,

336 3392 461 3469 cogitari
489 3391 575 3461 licet;
608 3407 786 3467 quamquam
819 3409 856 3448 ne
888 3389 917 3447 iu
944 3390 1002 3447 boo
1027 3388 1147 3465 quidem
1172 3405 1267 3447 causa
1291 3397 1337 3448 est
1363 3408 1417 3448 cur
1442 3408 1623 3466 praenomen

334 3493 428 3551 Marci
456 3500 628 3569 corruptum
656 3508 723 3548 esse
745 3498 891 3566 putemus.
936 3487 1091 3565 Superest,
1115 3509 1204 3567 quem
1225 3490 1297 3549 item
1319 3489 1490 3550 Foucartus
1513 3493 1622 3566 attulit,

336 3593 455 3652 Manius
478 3591 601 3668 Sergius
623 3611 649 3650 a
670 3610 698 3649 u.
714 3611 739 3650 c.
756 3592 814 3650 591
838 3609 906 3649 curn
929 3589 964 3650 Ο.
987 3588 1121 3667 Sulpicio
1143 3590 1260 3669 legatus
1282 3591 1313 3649 in
1330 3589 1490 3650 Graeciam
1512 3593 1623 3652 missus

337 3692 461 3769 (Polyb.
484 3694 533 3763 31,
549 3694 578 3764 9,
595 3692 638 3766 6),
660 3709 747 3767 quem
768 3691 923 3769 probabile
945 3698 990 3751 est
1010 3691 1092 3750 hunc
1112 3691 1212 3769 ipsum
1234 3708 1310 3751 esse.
1343 3689 1402 3765 Qui
1423 3712 1478 3770 pro
1501 3695 1625 3754 consule

335 3793 501 3868 Hispaniae
528 3792 658 3868 praefuit
679 3798 775 3849 aetate
800 3792 913 3850 liberae
934 3792 978 3851 rei
1002 3792 1141 3870 publicae
1160 3793 1212 3850 Μ’.
1236 3790 1374 3867 Sergium
1395 3791 1444 3850 Μ’.
1466 3793 1487 3852 f.
1511 3795 1584 3870 (vol.
1607 3797 1624 3856 I

335 3913 364 3951 n.
388 3892 465 3950 1486
490 3917 526 3940 =
550 3892 581 3948 11
610 3913 638 3949 n.
666 3891 761 3966 4956)
793 3909 854 3967 quo
882 3894 981 3952 minus
1002 3912 1056 3969 pro
1078 3891 1183 3951 eodem
1204 3892 1378 3964 habeamus,
1406 3894 1517 3967 obstat,
1539 3897 1623 3972 quod

335 4011 402 4051 cum
423 3991 525 4049 titulus
547 3991 574 4050 is
596 4010 635 4049 ex
650 4010 710 4067 quo
725 3992 854 4051 innotuit
874 3992 1021 4051 miliarias
1044 3993 1093 4066 sit,
1114 4011 1220 4070 pamm
1243 3992 1385 4052 credibile
1405 4003 1453 4054 cst
1473 3996 1621 4056 eiusmodi

334 4093 448 4151 siarum
470 4091 746 4151 determinationem
761 4093 857 4169 cippis
873 4094 994 4171 scriptis
1017 4092 1057 4151 ad
1078 4112 1143 4152 eam
1158 4093 1313 4153 collocatis
1334 4094 1373 4153 ad
1395 4106 1514 4155 sextum
1539 4099 1621 4159 urbis

336 4193 488 4253 saeculum
510 4193 678 4253 ascendere.

376 4292 466 4367 Quod
488 4287 545 4356 υἱός
566 4297 605 4353 ad
626 4296 721 4371 patris
741 4313 849 4353 nomen
871 4302 985 4354 utnon
1005 4295 1125 4354 additur
1145 4297 1177 4355 in
1198 4294 1325 4356 Graecis
1343 4295 1385 4372 (v.
1402 4298 1466 4373 48),
1489 4299 1531 4357 ita
1552 4318 1622 4360 con-

294 4403 408 4455 stanter
434 4395 614 4454 adscribitur
639 4396 668 4453 in
690 4394 818 4465 Latinis,
840 4395 869 4452 id
891 4395 924 4452 fit
944 4413 1005 4454 non
1027 4404 1151 4472 propter
1177 4397 1377 4475 ignorantiam
1403 4415 1476 4458 usus
1502 4398 1622 4474 Graeci,

293 4495 346 4554 sed
361 4495 440 4571 quod
454 4495 599 4554 Romanis
621 4497 653 4553 in
667 4495 777 4554 talibus
796 4503 911 4554 mature
932 4496 1045 4571 placuit
1066 4513 1151 4556 suam
1166 4497 1410 4558 consuetudinem
1424 4508 1487 4558 tum
1503 4520 1623 4579 quoquc

290 4597 430 4666 retinere,
452 4614 518 4653 oum
534 4594 650 4655 Graece
664 4596 866 4671 loquerentur.
900 4594 1089 4672 Quamquam
1103 4598 1136 4656 in
1150 4617 1186 4657 ea
1206 4619 1239 4657 re
1254 4600 1432 4660 documenta
1452 4601 1623 4678 antiquiora

292 4697 349 4754 sibi
372 4714 431 4754 non
453 4704 603 4767 constant3
631 4697 674 4754 ita
694 4696 849 4774 catalogus
871 4714 1072 4772 proxenorum
1093 4696 1310 4774 Delphicorum
1333 4718 1360 4758 a
1384 4703 1443 4760 557
1451 4720 1514 4777 seq.
1537 4703 1622 4760 item·

292 4815 350 4872 que
378 4806 499 4856 senatus
526 4795 664 4855 consulta
688 4796 747 4854 duo
773 4815 800 4853 a.
823 4796 883 4856 568
908 4796 1089 4873 Delphicum
1117 4797 1230 4874 (Lebas
1256 4810 1287 4858 ct
1311 4800 1444 4860 Fouoart
1468 4800 1516 4871 11,
1544 4799 1620 4877 852)

292 4903 323 4953 et
344 4916 370 4954 a.
395 4897 454 4955 619
477 4897 641 4956 Prienense
662 4895 774 4972 (Lebas
796 4903 827 4955 et
848 4896 1051 4976 Waddiugton
1071 4896 1131 4971 III,
1155 4898 1229 4976 195)
1255 4899 1344 4958 modo
1370 4907 1500 4976 ponunt,
1529 4899 1620 4960 ruodo

292 4995 449 5066 omittunt,
476 4997 607 5072 epistula
630 4997 670 5055 M.
693 4996 809 5056 Valerii
834 5015 862 5055 a.
885 4997 943 5056 561
974 4998 1086 5074 scripta
1112 4996 1162 5074 (C.
1183 4999 1209 5057 1.
1232 4997 1286 5059 Gr.
1308 4999 1352 5070 II,
1374 4999 1470 5075 3045)
1498 5001 1619 5075 omittit,

292 5095 349 5154 hoc
370 5095 451 5172 quod
472 5104 633 5156 tractamus
649 5098 944 5157 senatusconsultum
967 5116 995 5156 a.
1011 5097 1071 5157 584
1093 5114 1211 5176 semper
1231 5098 1317 5176 pouit
1337 5096 1390 5175 (ci.
1408 5097 1620 5182 Dittenberger
