3480 5804
611 468 908 524 onsnnvnrronss
925 469 1044 523 neren.
1063 471 1127 526 vn.
1462 457 1533 528 133

206 639 307 697 lentur
326 640 477 698 candidati
497 646 611 698 tantum
632 660 687 719 per
707 641 842 718 ellipsin3
869 649 969 700 errant
989 642 1068 701 enim
1090 662 1156 702 meo
1177 643 1297 717 iudicio,
1319 645 1370 719 qui
1391 646 1470 704 huno
1490 647 1532 705 lo·

205 740 317 816 quendi
338 757 424 799 usum
446 740 632 799 immutatum
653 728 693 800 ad
714 761 812 800 rerum
826 743 1089 820 institutorumque
1104 744 1296 805 mutationem
1312 745 1495 822 referunt1).

361 844 395 911 5.
449 838 603 913 Praetor
629 842 674 914 de
700 840 912 915 liberalibus
939 842 1070 916 causis.

289 957 332 1018 Ut
362 960 591 1019 centumvirales
623 979 734 1021 causae
766 962 804 1020 ad
833 970 1001 1038 praetorem
1022 962 1193 1023 'hastarium
1221 966 1414 1040 spectabant,
1447 965 1531 1025 fidei·

205 1059 414 1119 commissaria
434 1061 601 1120 iurisdictio
622 1063 661 1120 ad
682 1071 849 1139 praetorem
871 1063 1187 1136 fideicommissariam,
1209 1064 1366 1140 pupillaris
1388 1067 1426 1124 ad
1448 1086 1532 1143 prae·

205 1168 301 1220 torem
336 1161 524 1233 tutelarium,
560 1162 603 1220 ita
638 1163 728 1221 etiam
762 1163 901 1222 liberales
933 1183 1041 1224 causas
1072 1183 1158 1223 suum
1191 1175 1359 1240 praetorem
1390 1167 1533 1227 habuisse

204 1261 448 1339 inscriptionibus
481 1268 557 1319 ante
582 1263 638 1320 has
670 1263 808 1324 inventas
840 1265 1006 1324 tacentibus
1038 1283 1179 1324 notamus
1211 1267 1387 1341 praesertim
1418 1287 1457 1326 ex
1487 1287 1530 1326 re·

205 1361 318 1439 scripto
343 1362 414 1420 dato
436 1381 464 1419 a.
480 1359 540 1419 226
568 1363 702 1443 αὺὺἰιηρ.
725 1365 959 1442 Alexandr02),
985 1366 1097 1442 inquo
1119 1346 1258 1442 ldguntur
1284 1368 1371 1426 haec:
1397 1364 1533 1426 ‘libertate

204 1472 370 1538 competente
398 1462 586 1538 (praefectus
614 1463 699 1539 urbi)
728 1466 849 1540 perduci
880 1485 942 1525 enm
972 1469 1014 1524 nd
1040 1478 1216 1542 praetorem,
1249 1470 1329 1526 usius
1356 1469 1390 1526 de
1419 1468 1533 1526 liberali

206 1580 296 1621 ceusu
315 1565 476 1621 iurisdictio
496 1574 551 1634 est,
577 1575 610 1623 ut
629 1565 670 1623 ibi
690 1565 727 1624 lis
749 1568 902 1638 ordinetur,
924 1562 1049 1626 iubebit’.
1092 1567 1139 1625 Ea
1159 1566 1326 1626 iurisdictio
1347 1569 1413 1626 fieri
1433 1577 1534 1644 potest

205 1669 238 1720 ut
258 1663 428 1721 introducta
448 1664 489 1722 sit
509 1664 590 1724 circa
609 1665 686 1723 hanc
706 1667 803 1743 ipsam
826 1674 963 1738 nentem,
985 1669 1061 1726 sicut
1080 1676 1250 1744 praeturam
1273 1668 1441 1726 tutelariam
1463 1687 1533 1727 con·

205 1771 266 1822 stat
294 1763 460 1823 institutam
492 1782 561 1825 esse
593 1784 613 1823 a
638 1765 708 1824 diro
737 1767 840 1826 Marco
867 1768 1051 1844 eundemque
1079 1769 1168 1826 etiam
1197 1768 1258 1826 alio
1285 1770 1406 1827 nomine
1433 1769 1534 1826 causis

203 1864 378 1923 liberalibus
404 1865 576 1942 providisse
603 1865 655 1941 (of.
684 1866 747 1924 vita
774 1885 800 1926 c.
817 1867 850 1943 7)
857 1888 866 1940 3
896 1868 950 1926 sed
976 1869 1073 1946 magis
1101 1868 1277 1927 crediderim
1302 1877 1471 1943 praetorem
1497 1869 1535 1928 de

202 1962 377 2023 liberalibus
399 1967 498 2026 causis
518 1966 613 2025 creari
632 1978 769 2044 coeptum
790 1985 858 2027 esse
879 1970 917 2027 nb
931 1969 1078 2044 Augusto.
1115 1967 1195 2028 Nam
1217 1987 1277 2026 non
1298 1969 1437 2045 ignorant
1457 1969 1532 2026 iuris

204 2064 365 2140 prudentes
390 2084 498 2126 causas
519 2067 659 2126 liberales
681 2069 720 2125 ab
741 2068 951 2144 antiquissimo
971 2068 1040 2127 inde
1062 2077 1195 2145 tempore
1220 2086 1306 2127 suum
1327 2070 1425 2141 iorum
1447 2085 1534 2129 snos-

205 2185 264 2242 que
283 2167 480 2244 magistratus
502 2167 659 2241 habuisse,
686 2167 801 2227 scilicet
822 2169 1008 2228 decemviros
1029 2169 1135 2228 litibus
1157 2169 1337 2241 iudicandis3
1365 2187 1443 2245 quos
1465 2189 1534 2229 cum

204 2267 363 2344 Augustus
390 2267 429 2326 ad
454 2268 682 2327 centumviralis
708 2269 821 2329 iudicia
846 2270 1038 2339 transferret,
1067 2271 1201 2328 uetanti
1223 2269 1364 2328 momenti
1386 2288 1435 2329 res
1461 2269 1533 2328 adu·

204 2365 376 2426 leacentulis
403 2355 647 2440 committeretur,
676 2369 765 2445 simul
790 2387 900 2429 causas
920 2369 1063 2429 liberales
1086 2369 1137 2428 uni
1159 2388 1198 2428 ex
1220 2369 1374 2429 duodecim
1396 2370 1448 2445 qui
1471 2379 1533 2428 tum

203 2475 290 2526 erant
309 2469 497 2544 praetoribus
519 2488 588 2526 eum
610 2469 782 2528 attribuisse
804 2469 988 2528 crediderim.
1418 2526 1421 2532 .

359 2569 393 2640 6.
440 2565 615 2666 [Legatos
632 2567 844 2666 provinciae
856 2566 1024 2664 Alpinae
1041 2565 1200 2666 regionis
1214 2565 1532 2666 Hipponiensium.

289 2687 410 2747 Omittit
431 2689 579 2766 Aquinas.
621 2689 681 2766 Egi
709 2688 746 2747 de
773 2689 883 2765 legatis
910 2688 1100 2765 proconsulis
1122 2687 1245 2747 Africae
1266 2688 1438 2748 dioeceseos
1460 2687 1534 2748 Car-

205 2768 401 2866 nagrniern'n
426 2797 457 2849 e
482 2788 652 2848 dioeceseos
679 2790 743 2848 sne
772 2790 904 2867 regionis
929 2788 1149 2865 Hipponiensis
1180 2788 1236 2863 (cr.
1263 2789 1289 2846 1.
1311 2787 1351 2847 N.
1377 2789 1475 2864 1433)
1502 2790 1534 2848 in

205 2888 281 2949 actis
306 2889 458 2950 societatis
480 2887 649 2950 Saxonieae
676 2909 704 2948 a.
721 2889 800 2950 1852
828 2910 857 2968 p.
874 2888 945 2948 219.
989 2886 1051 2948 Sed
1076 2907 1136 2947 non
1164 2889 1276 2946 attendi
1303 2888 1345 2947 ibi
1374 2889 1413 2946 ad
1434 2889 1534 2948 locum

205 2989 297 3049 Plinii
317 2990 405 3067 epist.
429 2990 464 3063 9,
481 2991 536 3063 33,
561 2991 613 3050 ubi
638 2990 689 3066 qui
716 2992 885 3050 nominatur
906 2988 1051 3050 Octavius
1071 2989 1182 3047 Avitus
1203 2988 1320 3066 legatus
1342 2990 1533 3064 proconsulis

113 3079 117 3084 ’
204 3091 373 3151 consistens
397 3091 429 3150 in
454 3090 560 3151 Africa
583 3091 616 3149 in
642 3091 761 3150 colonia
781 3090 983 3168 Hipponiensi
1007 3099 1111 3166 aperte
1136 3089 1242 3148 eodem
1268 3089 1335 3147 loeo
1361 3089 1418 3148 luit
1443 3097 1534 3165 atque

205 3192 233 3251 is
258 3191 295 3249 de
322 3209 382 3269 quo
404 3191 535 3271 agimus3
563 3191 735 3269 Hipponem
756 3199 855 3251 autem
876 3192 919 3250 ibi
939 3191 1074 3268 intellegi
1095 3209 1155 3250 non
1176 3190 1303 3266 Regium
1325 3190 1357 3248 in
1378 3189 1532 3261 Numidia,

205 3292 260 3351 sed
278 3291 474 3370 Diarrhytum
494 3292 669 3368 provinciae
689 3292 912 3371 proconsularis
934 3293 1061 3352 efficitur
1081 3291 1191 3350 collato
1212 3291 1280 3349 loeo
1295 3290 1387 3349 Plinii
1409 3291 1532 3348 maioris

205 3392 275 3453 hist.
296 3400 357 3452 nat
380 3393 410 3465 9,
425 3392 456 3465 8,
471 3391 520 3454 26.

358 3494 392 3586 l,
447 3489 607 3566 Ourator
631 3490 685 3565 rei
710 3489 879 3590 publicae
903 3487 1221 3566 Ocriculanorum.

288 3613 410 3674 Omittit
431 3611 569 3673 Casinas.
614 3609 775 3671 Curatores
799 3612 965 3670 civitatium
990 3610 1157 3688 praetorios
1180 3608 1350 3684 composuit
1369 3607 1532 3667 Henzeuus

204 3717 236 3776 in
256 3735 325 3776 ann.
345 3715 417 3775 inat.
442 3714 520 3775 1851
542 3733 572 3791 p.
589 3711 638 3772 23.

359 3817 394 3888 8.
448 3810 608 3888 curator
632 3811 714 3887 viae
738 3808 892 3886 Latinae
919 3809 1079 3910 n[ovae].

288 3953 310 3994 u
331 3936 461 3996 litteram
482 3953 560 4012 quae
580 3934 715 4010 sequitur
735 3933 766 3992 in
787 3933 875 3993 titulo
889 3933 1041 4009 Aquinate
1063 3931 1146 4008 (nam
1168 3931 1211 3990 ita
1223 3930 1266 3990 ibi
1280 3939 1336 4003 est,
1358 3947 1418 3988 non
1433 3946 1478 4002 ετ,
1500 3939 1532 3988 ut

204 4036 316 4115 legitur
335 4036 367 4095 in
387 4036 526 4113 exemplo
546 4035 733 4112 Ponariano)
753 4036 798 4094 ita
817 4034 1006 4111 explevimus
1027 4041 1150 4110 propter
1171 4031 1305 4103 titulum,
1327 4049 1416 4107 quem
1436 4049 1532 4107 nuper

205 4137 312 4197 Tomis
332 4139 465 4217 repperit
483 4137 628 4197 Ernestus
643 4136 821 4211 Desjardins
842 4133 1016 4211 publiciqne
1037 4132 1113 4191 iuria
1134 4133 1205 4191 fecit
1224 4133 1256 4190 in
1278 4132 1437 4190 annalibus
1459 4132 1529 4188 inst.

205 4239 286 4298 arch.
311 4239 389 4298 1868
416 4257 445 4315 p.
462 4239 512 4310 97,
537 4236 575 4296 L.
597 4237 691 4295 Annii
712 4235 810 4294 Italici
831 4233 979 4292 Honorati
1005 4231 1179 4307 cur(ntoria)
1204 4235 1267 4290 ciue
1287 4229 1483 4305 Lauic(nnac)
1504 4239 1530 4287 et
1599 4311 1600 4315 ἵ

205 4338 361 4416 Latinae)
381 4337 510 4414 ceter(is)
530 4338 696 4415 imperante
712 4333 896 4395 Alexandro.
931 4332 1038 4409 Itaque
1059 4331 1147 4392 tertio
1169 4338 1248 4390 certe
1269 4331 1390 4390 saeculo
1410 4330 1531 4389 ineunte

1502 4552 1516 4578 Ο

283 4620 307 4684 ¹)
334 4623 406 4673 Haec
428 4628 467 4671 est
488 4620 577 4686 opinio
602 4618 704 4672 Stobbii
729 4616 773 4679 (in
797 4616 855 4682 eph.
874 4615 1013 4680 Philologo
1036 4614 1088 4664 vol.
1102 4614 1136 4665 99
1161 4627 1185 4677 p.
1200 4610 1269 4672 685)
1293 4610 1321 4661 in
1345 4609 1529 4660 commentario

206 4719 340 4779 praeterea
356 4713 491 4778 diligenter
508 4711 577 4761 facto
597 4717 623 4760 et
641 4708 699 4759 utili
717 4708 750 4759 de
768 4706 912 4759 candidatis
925 4705 1053 4767 camnis,
1072 4704 1105 4754 de
1124 4717 1174 4769 qua
1193 4701 1340 4778 conlectura
1352 4699 1453 4750 dicendi
1467 4698 1529 4749 alibi

207 4805 376 4869 opportunior
393 4804 465 4854 locus
482 4802 593 4851 dabitur.

283 4898 308 4965 ²)
336 4900 401 4953 Ood.
420 4902 484 4951 Iust.
502 4901 529 4960 4,
544 4898 588 4960 56,
602 4900 628 4961 1.
656 4897 697 4948 cf.
717 4895 910 4948 constitutiones
923 4891 1069 4944 Constantii
1088 4891 1153 4942 Cod.
1167 4890 1269 4943 Theod.
1284 4890 1310 4952 6,
1324 4891 1350 4952 4,
1366 4887 1400 4938 16
1414 4905 1447 4929 =
1462 4886 1528 4938 Cod.

207 4994 271 5044 lust.
286 4994 310 5054 1,
324 4992 397 5054 89,1
418 4997 444 5041 et
461 4989 598 5041 Iustiniani
617 4988 710 5039 novell.
726 4987 769 5049 18,
784 4988 809 5047 1,
824 4988 853 5035 1:
873 4989 1005 5048 praetores
1023 4978 1088 5031 alric
1106 4978 1130 5032 tr
1147 4980 1179 5056 τῇ
1196 4968 1324 5050 συγκλήτῳ
1343 4975 1428 5051 βουλῇ
1440 4975 1465 5028 cl
1481 4973 1528 5027 riis

208 5079 356 5153 ἰλινθιριῧν
373 5077 413 5132 rai
431 5076 477 5132 riis
496 5074 628 5146 inceperim
644 5074 686 5129 aab
703 5075 748 5128 rein
765 5056 882 5128 sarritur
898 5059 1094 5143 προκαθήμενοι.
