3480 5804
646 487 695 537 nn
722 487 864 539 rrrvms
891 486 1045 538 suurors.
1430 467 1502 537 249

181 659 246 717 eius
272 665 390 735 tempus
417 658 585 717 accuratius
610 657 783 728 definiatur,
811 659 914 734 paucis
943 656 1122 716 mouendum
1150 666 1210 727 est,
1237 674 1256 714 a
1280 656 1448 732 Borghesio
1474 656 1505 713 iu

180 759 386 836 disputatione
413 759 449 817 de
470 758 621 817 Iuvenalis
647 765 753 833 poetae
780 765 876 816 aetate
899 756 993 833 (Opp.
1016 756 1045 813 V
1065 776 1095 833 p.
1118 755 1245 832 Absqq.)
1271 756 1506 814 demonstratum

181 877 248 918 esse
270 859 423 918 Aemilium
443 860 562 918 luccam
583 867 613 917 et
633 858 741 917 Iulium
761 858 897 918 Seuerum
917 858 1072 928 consules,
1101 856 1139 914 ad
1165 873 1292 932 quorum
1320 875 1430 914 anuum
1451 854 1506 913 Ul·

181 960 288 1036 pianus
311 959 395 1035 (Dig.
410 958 479 1030 XL,
498 958 535 1031 V,
556 959 576 1016 l.
593 957 633 1017 28
653 957 718 1034 Μ)
740 965 864 1017 senatus
886 958 1055 1016 consultum
1069 957 1246 1015 Iuncianum
1267 957 1385 1028 referat,
1408 955 1506 1014 fasces

182 1061 316 1136 gessisse
338 1060 451 1118 ultimis
473 1059 625 1117 mensibus
647 1058 717 1116 anui
742 1057 799 1116 127
822 1078 852 1135 p.
875 1057 948 1116 Chr.
971 1058 1047 1133 (880
1069 1077 1098 1114 u.
1121 1056 1171 1132 c).
1216 1055 1340 1117 Scilicet
1360 1052 1506 1132 iu‘diplo·

182 1170 261 1219 mate
282 1160 404 1218 militari
425 1161 514 1217 tertio
530 1159 642 1218 mensis
657 1158 797 1217 Octobris
819 1159 887 1229 dic,
898 1177 964 1217 cum
979 1157 1152 1216 Hadrianus
1174 1156 1336 1233 imperator
1350 1156 1509 1215 tribunicia

180 1267 328 1336 potestate
348 1260 496 1318 Xlesset
518 1259 552 1334 (i.
573 1279 598 1316 e.
624 1257 682 1316 127
704 1276 734 1333 p.
757 1256 843 1334 Chr.)
864 1259 1031 1336 composito
1052 1258 1099 1317 bis
1120 1257 1289 1334 perscripta
1309 1266 1380 1316 sunt
1401 1275 1508 1316 cousu-

181 1359 243 1416 lum
269 1360 404 1431 nomiua3
431 1367 558 1434 utroque
583 1359 651 1417 loco
678 1358 838 1417 admodum
869 1360 1005 1418 mutilata
1035 1366 1120 1430 sunt,
1147 1357 1199 1417 sed
1225 1357 1411 1435 Borghesius
1439 1375 1509 1434 gra·

182 1459 315 1517 cissimis
343 1461 527 1536 argumentis
558 1457 656 1517 effecit
683 1474 709 1517 t.
736 1473 863 1518 suasuro
891 1474 989 1518 rvuco
1017 1474 1079 1517 seru
1111 1473 1195 1517 rvuro
1222 1472 1339 1516 savaro
1366 1458 1509 1534 scriptum
1607 1482 1613 1496 ·

181 1558 286 1616 fuisse.
322 1558 371 1617 Ad
386 1560 464 1617 huuc
478 1577 588 1618 anuum
602 1559 694 1635 igitur
712 1559 803 1617 etiam
817 1558 970 1618 Iuvenalis
985 1559 1086 1617 locum
1099 1557 1172 1630 XV,
1188 1557 1226 1617 st
1252 1560 1385 1634 ,consule
1399 1559 1508 1616 Iunco“

182 1658 369 1717 referendum
391 1677 468 1717 esse.
501 1658 561 1717 Hic
581 1666 680 1717 autem
695 1659 769 1735 quin
782 1658 861 1718 idem
876 1659 965 1717 fuerit
979 1678 1046 1717 cum
1065 1658 1118 1715 illo
1133 1659 1183 1733 qui
1204 1660 1236 1717 iu
1251 1659 1368 1718 Achaia
1388 1677 1510 1717 munere

181 1759 272 1835 legati
294 1759 471 1817 correctoris
492 1759 613 1816 functus
636 1768 691 1829 est,
716 1776 813 1834 neque
834 1758 1019 1835 Borghesius
1042 1757 1190 1816 dubitavit
1211 1777 1308 1834 neque
1330 1777 1510 1836 quemquam

181 1859 273 1917 alium
293 1859 496 1916 dubitaturum
517 1864 600 1934 puto.
643 1857 708 1915 Iam
735 1859 763 1916 si
789 1857 913 1916 definire
937 1858 1074 1916 volemus
1101 1875 1160 1933 quo
1182 1864 1318 1936 tempore
1340 1876 1406 1917 eam
1426 1859 1508 1935 lega·

180 1959 291 2017 tionem
318 1958 498 2034 susceperit,
524 1957 726 2033 quaerendum
752 1967 813 2028 est,
840 1965 940 2016 utrum
965 1964 1035 2016 ante
1061 1958 1251 2016 consulatum
1272 1976 1309 2017 ea
1329 1959 1449 2018 functus
1472 1959 1511 2017 sit

181 2077 220 2118 aa
241 2068 356 2135 postea.
399 2059 500 2134 Atque
526 2076 592 2116 cum
619 2056 780 2116 viderimus
806 2066 925 2133 praeter
950 2076 1017 2116 eum
1042 2057 1142 2133 ipsum
1164 2076 1219 2118 sex
1240 2059 1410 2118 innotuisse
1432 2059 1510 2118 eius·

181 2158 262 2217 modi
283 2159 400 2235 legatos
422 2166 604 2217 correctores
622 2158 785 2216 liberarum
806 2157 982 2230 civitatium,
1004 2159 1043 2215 ad
1064 2158 1096 2215 id
1117 2159 1329 2216 attendendum
1350 2169 1407 2228 est,
1429 2160 1509 2234 quod

181 2278 221 2317 ex
242 2260 289 2317 his
311 2259 333 2317 ii
355 2259 414 2317 duo
436 2259 489 2334 qui
511 2258 643 2317 Traiano
665 2266 696 2315 et
716 2256 872 2315 Hadriano
894 2256 1125 2333 imperatoribus
1147 2257 1279 2328 luerunt,
1308 2257 1456 2316 Maximus
1479 2267 1510 2315 et

182 2359 360 2418 Pactumeius
390 2359 532 2429 Clemens,
565 2377 601 2416 eo
633 2375 756 2416 munere
787 2364 857 2415 ante
889 2357 1077 2415 consulatum
1106 2352 1239 2432 functi¹)
1267 2362 1347 2414 sunt.
1397 2354 1510 2415 (iontra

182 2468 321 2534 quattuor
352 2459 399 2517 illi
430 2458 611 2518 recentiores
643 2457 696 2533 qui
724 2457 785 2515 iam
817 2455 994 2515 correctoris
1027 2455 1146 2514 nomina
1173 2463 1297 2513 utuntur
1323 2474 1510 2532 quorumque

181 2578 268 2619 nemo
291 2558 457 2619 Commodo
479 2558 630 2634 antiquior
651 2567 698 2615 cst
719 2556 878 2633 (Epirotica
893 2555 1047 2626 Proculus,
1064 2554 1103 2613 L.
1119 2555 1262 2632 Epnatiuo
1283 2555 1382 2615 Victor
1395 2555 1510 2615 Lollia-

182 2679 249 2731 uua,
280 2661 323 2719 Ti.
348 2660 489 2721 Claudius
518 2658 719 2734 Callippiaaus
742 2657 878 2726 Iaitas,
910 2656 961 2716 Cn.
992 2654 1131 2715 Claudius
1157 2655 1326 2732 Leonteus)
1353 2655 1392 2714 ad
1419 2675 1509 2715 unum

182 2779 286 2820 omnes
307 2762 339 2819 in
358 2760 456 2818 titulis
471 2751 606 2816 ὑπατικοί
617 2766 769 2816 vocantur.
807 2754 909 2829 Quare
923 2756 996 2831 quin
1017 2774 1053 2814 ea
1071 2773 1121 2814 res
1135 2756 1357 2836 Antoninorum
1377 2762 1512 2834 tempore

182 2861 321 2919 iuuutata
347 2861 401 2931 sit,
427 2861 551 2918 dubium
576 2876 637 2916 non
663 2866 719 2917 est.
768 2857 834 2915 Imo
864 2856 954 2914 etiam
984 2874 1037 2914 cur
1062 2855 1147 2913 initio
1169 2855 1313 2932 praetorii
1338 2855 1422 2915 missi
1442 2858 1513 2927 sint,

182 2961 327 3036 explicari
349 2977 440 3036 posse
465 2959 540 3018 mihi
565 2958 692 3017 uidetur.
735 2955 813 3016 Cum
835 2957 915 3014 enim
936 2972 985 3014 res
1011 2955 1078 3031 ipsa
1097 2957 1187 3032 plane
1208 2973 1287 3013 nova
1308 2962 1400 3031 atque
1420 2956 1512 3014 inusi-

182 3070 246 3119 tata
266 3070 360 3133 esset,
387 3063 417 3119 in
438 3060 594 3138 provincia
620 3057 772 3117 senatoria
791 3064 910 3133 practer
929 3054 1142 3132 proconsulem
1163 3054 1354 3130 imperatoris
1375 3056 1511 3133 legatum

182 3163 287 3222 eadem
308 3172 398 3237 atque
424 3161 510 3219 illum
536 3164 685 3234 potestate
710 3155 825 3233 esse2),
849 3157 1046 3232 imperatores
1067 3153 1100 3212 id
1120 3161 1201 3213 certa
1222 3154 1342 3214 cavisse
1362 3155 1510 3228 videntur,

182 3280 221 3320 ne
234 3261 407 3337 dignitatem
422 3268 544 3317 senatus
559 3259 649 3316 nimis
663 3257 870 3327 inminuerent,
886 3255 913 3313 si
928 3255 1076 3312 hominem
1090 3253 1282 3313 consularem
1296 3272 1332 3312 eo
1347 3255 1508 3327 mitterent,

182 3379 250 3420 cum
271 3359 436 3437 proconsul
449 3357 584 3416 Achaiae
604 3373 665 3414 non
685 3362 766 3414 essct
785 3354 844 3412 nisi
864 3353 1042 3429 praetorius.
1074 3353 1187 3411 Postea
1200 3360 1308 3425 autem,
1330 3371 1421 3428 quum
1435 3353 1511 3412 illud

181 3477 291 3520 munus
313 3458 454 3518 desiisset
474 3474 585 3516 nouum
605 3461 695 3530 atque
715 3454 866 3512 insuetum
887 3468 968 3523 esse,
995 3451 1191 3526 imperatores
1213 3453 1278 3512 eius
1299 3453 1343 3512 rei
1364 3454 1510 3511 rationem

182 3580 242 3621 nou
264 3559 395 3636 amplius
416 3555 583 3616 habendam
604 3553 758 3632 putabant.
803 3549 864 3612 Sed
885 3557 1044 3626 utcumque
1064 3551 1121 3610 hoc
1142 3569 1176 3610 se
1196 3552 1295 3624 habet,
1323 3570 1363 3610 ex
1383 3551 1511 3611 Maximi

182 3668 213 3720 ct
226 3659 383 3720 Pactumei
397 3656 562 3718 Clementis
583 3653 730 3731 exemplis
751 3651 815 3711 iure
829 3651 971 3728 colligere
989 3650 1070 3722 licet,
1090 3651 1181 3709 etiam
1195 3650 1321 3710 Iuncum
1335 3655 1510 3726 praetorium

182 3763 214 3820 iu
235 3761 383 3820 Achaiam
403 3760 529 3818 missum
550 3754 669 3831 esaei),
695 3753 738 3812 ita
762 3761 795 3812 ut
814 3769 875 3811 non
896 3759 966 3827 post
986 3768 1095 3808 anuum
1119 3748 1177 3809 126
1199 3769 1229 3827 p.
1252 3748 1338 3824 Chr,
1367 3750 1419 3827 qui
1440 3769 1508 3810 cou-

182 3861 313 3922 sulatum
335 3859 514 3930 antecessit,
538 3856 643 3916 titulus
664 3862 790 3930 uterque
811 3859 841 3912 et
860 3851 980 3911 Atticus
1001 3859 1031 3909 et
1052 3848 1218 3928 Spartanus
1239 3850 1423 3928 compositus
1443 3869 1509 3912 essa

181 3963 289 4037 possit.
322 3958 412 4033 Quod
432 3957 512 4018 haud
533 3956 617 4034 parvi
631 3954 774 4014 momenti
795 3961 842 4013 est
863 3959 985 4028 propter
998 3950 1203 4028 quaestionem
1225 3951 1263 4009 de
1285 3958 1392 4011 senatu
1406 3951 1508 4012 Attico

179 4063 411 4138 quingentorum
432 4067 463 4118 at
483 4066 702 4117 sexcentorum.

259 4342 283 4405 ¹)
305 4337 442 4390 Maximam
465 4337 623 4403 praetorium
649 4335 730 4385 thlsse
756 4348 814 4384 cum
841 4333 869 4383 iu
892 4331 1030 4384 Graeciam
1055 4331 1199 4381 mitteretur
1223 4330 1401 4382 demonstrant
1426 4331 1506 4384 Plinii

182 4433 262 4483 rerba
286 4433 311 4492 8,
338 4431 383 4492 24,
403 4431 433 4479 t:
464 4433 553 4478 camut
574 4433 598 4476 te
621 4431 770 4492 pedaturae
788 4430 846 4474 tace
856 4421 933 4488 sama
951 4438 1026 4489 quasa
1049 4436 1080 4471 ea·
1097 4418 1222 4486 Bithynia
1239 4420 1356 4487 optimam
1378 4423 1505 4483 revexisti,

182 4528 271 4575 cacat
282 4518 429 4579 tribunatus,
446 4523 571 4585 praetura
583 4522 657 4582 atque
669 4512 732 4566 hacc
748 4515 808 4581 ipra
821 4513 914 4580 topatio
926 4513 1002 4580 quasi
1016 4512 1154 4580 praemium
1171 4509 1243 4561 dcta.
1275 4509 1435 4562 Pactumeius
1450 4509 1505 4563 Ole-

181 4629 257 4675 meaa,
280 4612 303 4661 si
322 4610 441 4660 ordinem
459 4622 593 4658 munerum
611 4607 640 4656 ln
658 4604 733 4655 titulo
751 4604 921 4670 perscriptum
939 4603 1078 4669 sequimur,
1102 4603 1168 4653 adeo
1192 4598 1342 4652 tribunicius
1360 4616 1392 4652 eo
1411 4604 1505 4654 missus

182 4712 229 4756 est.
266 4702 338 4754 Num
356 4698 428 4751 aliud
452 4703 535 4749 exstet
555 4695 702 4763 exemplum
720 4695 800 4761 legati
817 4695 930 4760 Augusti
947 4707 995 4760 pro
1013 4700 1133 4760 praetore
1150 4691 1265 4744 nondum
1283 4699 1406 4758 praetura
1423 4692 1505 4744 functi

181 4807 285 4945 ¹8¹¹0125
307 4881 366 4934 Nisi
386 4878 456 4946 quod
473 4878 549 4930 huius
561 4882 676 4943 potestas
693 4875 729 4929 sd
745 4860 841 4928 libem
857 4875 981 4936 ciritstss.
1000 4873 1070 4925 illius
1086 4873 1122 4925 ad
1139 4873 1264 4939 reliquam
1277 4873 1427 4940 prouinciae
1444 4885 1503 4938 par·

182 4983 235 5027 tem
253 4972 406 5040 pertinebat.
1221 5004 1225 5009 ,
1400 4960 1403 4964 ’

259 5061 285 5126 ⁸)
310 5062 461 5130 praesertim
478 5075 537 5114 eum
554 5058 630 5113 &litet
646 5045 763 5110 mauis
779 5055 809 5111 in
825 5054 1010 5111 tinlofflco
1026 5054 1073 5109 tlx
1090 5053 1251 5109 catum
