3480 5804
252 475 300 543 70
822 486 1004 538 nouusnn

248 661 412 720 Evidenter
434 658 652 718 Gntenstenius
679 659 753 715 haec
772 656 931 732 descripsit
952 674 990 712 ex
1012 655 1079 729 ipso
1100 654 1154 710 illo
1176 655 1229 728 qui
1250 654 1348 711 adhuc
1370 661 1456 712 extat
1477 653 1580 711 codice

248 761 363 826 Metelli
383 781 413 819 n.
430 761 526 830 60393
555 777 624 816 nam
650 758 725 815 alter
750 777 779 815 n.
796 756 877 814 6038
901 756 939 812 ab
961 755 1109 831 exemplis
1133 753 1381 813 Gutenstenianis
1402 755 1494 812 etlam
1514 753 1581 810 lon·

249 862 316 937 glus
343 861 463 919 recedit.
510 859 682 933 Descripsit
709 866 808 914 autem
836 857 892 925 ita,
927 864 961 913 nt
986 863 1106 931 praeter
1133 856 1250 912 minora
1274 855 1306 912 in
1333 855 1430 913 altera
1456 853 1582 912 adderet

249 961 408 1019 formulam
435 960 657 1030 dedicatoriam,
686 959 717 1015 in
743 959 838 1014 altera
862 956 979 1014 duobus
1006 956 1082 1014 locis
1111 974 1266 1013 numerum
1293 955 1419 1026 dierum,
1452 972 1581 1030 quorum

250 1070 387 1119 neutrum
408 1061 439 1118 in
461 1060 521 1117 ullo
542 1061 648 1117 horum
670 1059 823 1117 titulorum
842 1057 1017 1133 apographo
1032 1063 1185 1132 comparet
1199 1065 1317 1131 praeter
1332 1053 1581 1114 Gutensteniana.

249 1161 297 1219 Ea
316 1161 408 1239 igitur
429 1167 613 1219 commentus
635 1169 682 1218 est
703 1178 755 1234 per
774 1176 807 1217 se
822 1158 949 1215 innocua
964 1167 994 1215 et
1009 1157 1089 1226 vilia,
1111 1156 1165 1214 sed
1180 1155 1218 1213 ad
1233 1155 1368 1213 fraudem
1383 1155 1580 1230 detegendam

249 1279 310 1319 non
325 1261 423 1319 minus
438 1267 509 1337 apta
522 1279 612 1335 quam
626 1259 774 1318 Hercules
789 1259 885 1316 victor
899 1258 1063 1315 honoratus
1079 1258 1117 1314 ab
1130 1257 1310 1332 imperatore
1322 1254 1545 1313 Valentiniano.

336 1362 363 1419 3.
401 1360 496 1419 Tituli
517 1360 577 1418 non
599 1361 642 1418 ita
663 1360 749 1434 pauci
772 1359 910 1436 leguntur
931 1358 1011 1433 apud
1034 1355 1197 1415 Gruterum
1219 1375 1287 1414 cum
1309 1355 1582 1432 subscriptionibus

248 1460 364 1518 formae
384 1460 532 1530 diversae,
559 1461 649 1517 modo
674 1457 721 1517 ‘ex
742 1460 856 1518 Metelli
885 1459 1003 1518 schedis
1027 1452 1260 1527 Gntenstenins’,
1288 1456 1377 1514 modo
1397 1453 1544 1514 ‘Metellus
1564 1473 1583 1512 e

249 1559 351 1617 codice
371 1559 473 1618 fratris
495 1555 640 1629 Iucundi’,
661 1561 750 1617 modo
769 1557 919 1618 ‘Metellus
941 1579 957 1617 e
980 1559 1184 1632 manuscripto
1207 1557 1308 1615 codice
1329 1557 1493 1615 cardinalia
1508 1553 1583 1614 Car·

248 1654 371 1734 pensis’,
401 1678 478 1735 quas
504 1661 740 1734 subscriptiones
768 1661 878 1717 dudum
909 1660 1094 1718 intellectum
1123 1668 1171 1716 est
1197 1658 1373 1733 plerumque
1399 1666 1479 1716 certe
1502 1656 1582 1714 idem

250 1759 437 1835 significare,
463 1759 494 1817 id
522 1768 569 1817 est
588 1761 708 1818 titulum
731 1779 769 1817 ex
792 1761 894 1817 codice
916 1760 1017 1817 fratris
1039 1759 1166 1816 Iucundi
1188 1766 1309 1816 servato
1330 1767 1394 1815 tum
1417 1757 1497 1834 apud
1517 1775 1584 1815 car·

249 1858 380 1917 dinalem
413 1856 596 1934 Carpense'm
625 1860 777 1918 Metellum
809 1859 1025 1935 descripsisse,
1060 1857 1292 1917 Gntenstenium
1324 1876 1430 1917 rursus
1462 1858 1584 1916 misisse

250 1976 289 2016 ex
316 1958 507 2017 Metellianis.
550 1958 694 2017 Versavit
718 1960 811 2036 igitur
839 1958 1056 2018 Gutenstenius
1085 1967 1228 2035 excerpta
1249 1958 1422 2016 Metelliana
1449 1958 1510 2016 iam
1537 1959 1582 2015 in·

250 2066 331 2117 serta
351 2059 447 2117 codici
462 2059 607 2118 Vaticano
623 2059 703 2118 6039
726 2078 755 2134 p.
772 2059 842 2118 949.
858 2058 1032 2118 309-398.
1050 2059 1109 2118 369
1133 2059 1176 2116 sic
1198 2059 1343 2135 inscripta
1362 2055 1409 2117 ‘ex
1427 2059 1506 2116 libro
1520 2059 1582 2133 epi·

250 2166 448 2234 grammatnm
475 2178 564 2217 manu
591 2159 769 2234 scriptorum
797 2178 900 2218 recens
921 2159 1080 2217 cardinalis
1103 2157 1293 2236 Carpensis':
1323 2177 1488 2234 quaecum
1509 2159 1583 2216 olim

249 2258 469 2335 perlustrabam
489 2259 618 2317 iudicavi
641 2267 784 2335 excerpta
805 2277 872 2318 esse
894 2279 933 2317 ex
954 2259 1120 2336 exemplari
1142 2260 1243 2335 aliquo
1266 2277 1456 2335 nequaquam
1470 2259 1583 2318 eximio

250 2359 386 2433 corporis
414 2352 601 2418 Iucundiani.
646 2359 743 2417 Velim
772 2367 871 2418 nmen
901 2361 1068 2418 accuratius
1096 2359 1318 2431 examinentur,
1346 2377 1407 2416 non
1442 2378 1502 2435 qno
1530 2377 1585 2436 per

251 2475 284 2515 se
311 2458 471 2518 utilitatem
497 2459 639 2530 habeant,
669 2461 723 2518 sed
749 2467 782 2518 ut
806 2461 999 2538 intellegatur
1024 2459 1242 2519 Gutenstenins
1273 2459 1345 2535 qnid
1371 2460 1440 2518 inde
1464 2460 1584 2518 trahere

252 2557 390 2632 potnerit
433 2558 596 2618 Praeterea
622 2578 732 2637 corpus
754 2560 982 2619 Mazochianum
1005 2560 1178 2618 adnotatum
1201 2578 1219 2616 a
1240 2559 1362 2618 Metello
1389 2577 1424 2618 eo
1450 2567 1585 2635 tempore

253 2667 404 2717 servatum
425 2659 506 2734 apud
521 2659 680 2719 Horatium
703 2679 722 2717 a
735 2660 832 2730 Valle,
854 2680 941 2737 quem
964 2660 994 2717 id
1013 2658 1055 2717 ‘ut
1075 2670 1105 2718 et
1126 2655 1194 2718 alia’
1214 2658 1413 2719 Gutenstenio
1436 2661 1585 2719 obtulisse

253 2754 402 2817 Gruterus
428 2759 542 2829 scribit,
564 2760 628 2817 sine
650 2760 743 2818 dubio
764 2761 795 2817 id
816 2762 915 2834 ipsum
938 2771 999 2831 est,
1022 2760 1102 2834 qnod
1124 2760 1213 2818 hodie
1235 2761 1346 2834 pariter
1365 2760 1533 2819 custoditur
1552 2762 1584 2818 in

253 2857 356 2916 eadem
382 2858 565 2918 bibliotheca
586 2860 734 2916 Vaticana
762 2859 842 2934 (cod.
866 2859 972 2935 8495),
1001 2860 1052 2917 ubi
1078 2862 1144 2936 ipse
1167 2860 1306 2918 Metellus
1333 2860 1364 2918 in
1392 2861 1584 2920 adnotatione

253 2955 292 3012 ad
314 2957 530 3031 praefationem
552 2955 701 3033 adiecta¹)
724 2966 786 3016 tam
807 2958 933 3017 Incundi
955 2960 1089 3018 meminit
1109 2978 1200 3034 quam
1222 2961 1291 3018 libri
1311 2960 1395 3020 illins
1409 2959 1583 3038 Carpensis.

253 3054 320 3112 Iam
344 3055 438 3130 igitur
463 3075 531 3114 cum
558 3057 731 3116 Metelliana
755 3077 792 3115 ea
816 3077 894 3134 quae
919 3060 999 3136 apud
1024 3059 1184 3118 Horatium
1212 3078 1231 3117 a
1251 3061 1341 3118 Valle
1367 3059 1584 3121 Gntenstenius

253 3153 330 3212 vidit
357 3154 454 3213 adhuc
482 3157 633 3230 supersint
659 3158 690 3215 in
718 3156 880 3228 Vaticana,
912 3177 953 3217 ex
980 3160 1028 3218 his
1054 3177 1132 3234 qnae
1160 3157 1292 3219 Grutero
1319 3161 1435 3221 rettulit
1463 3162 1585 3239 exigere

254 3271 414 3330 possumus
436 3255 475 3313 ad
495 3255 579 3332 ipsas
601 3259 736 3317 schedas.
779 3259 855 3316 Mihi
876 3277 943 3318 cum
965 3257 1163 3335 carpensium
1184 3271 1392 3335 excerptorum
1413 3264 1584 3340 exemplum

253 3362 374 3431 praesto
388 3373 449 3414 non
464 3356 513 3427 sit,
524 3357 762 3416 Metellinnarnm
776 3367 875 3418 autem
890 3359 929 3416 ad
939 3360 1127 3418 Mazochinm
1143 3360 1369 3418 adnotationum
1383 3362 1493 3420 notitia
1506 3381 1584 3438 quae

255 3453 385 3513 sufficiat
400 3465 550 3533 suppetat,
565 3457 684 3517 interim
698 3460 934 3535 experimentum
948 3461 1047 3518 facere
1059 3459 1148 3530 volui,
1164 3460 1243 3518 inter
1253 3459 1490 3520 Gntensteniana
1503 3460 1584 3522 Grn-

255 3555 311 3612 teri
338 3564 369 3613 et
389 3556 617 3617 Mazochianum
639 3577 748 3634 corpus
769 3579 789 3618 a
806 3560 929 3618 Metello
950 3561 1123 3618 adnotatum
1146 3578 1292 3635 quaenam
1314 3561 1390 3618 ratio
1412 3562 1585 3634 intercedat,

255 3661 286 3712 ct
305 3654 355 3712 rel
377 3657 422 3714 sic
443 3658 623 3732 deprehendi
643 3659 698 3716 illa
719 3677 757 3717 ex
778 3658 837 3718 hoc
857 3659 1005 3741 proficisci
1023 3659 1132 3729 rideri,
1154 3660 1208 3718 sed
1230 3666 1263 3717 ut
1282 3661 1473 3734 interpolatio
1494 3663 1585 3721 simul

255 3754 316 3811 late
337 3766 476 3830 grassata
496 3775 563 3816 esse
584 3758 762 3816 inveniatur.
797 3758 939 3834 Exempli
961 3776 1053 3817 causa
1073 3759 1227 3817 titulorum
1249 3759 1313 3817 eius
1334 3762 1453 3836 generis
1475 3778 1532 3821 sex
1552 3764 1585 3821 iu

256 3855 438 3913 urbanorum
460 3865 544 3930 parte
565 3857 662 3915 adhuc
683 3858 764 3934 typis
783 3858 930 3934 impressu
951 3878 970 3917 a
990 3878 1038 3916 me
1059 3859 1313 3935 deprehensorum
1334 3859 1454 3919 horum:

297 3953 352 4023 VI,
383 3952 421 4012 89
444 3979 482 4004 --
497 3955 575 4012 Man.
588 3956 627 4013 33
651 3982 689 4006 --
703 3955 790 4016 Grut.
809 3959 878 4030 100,
901 3958 919 4016 6
940 3955 965 4018 ‘e
987 3959 1101 4018 Metelli
1123 3958 1239 4017 schedis
1260 3956 1496 4020 Gutenstenins’.

320 4093 336 4124 „
362 4052 422 4111 934
446 4079 482 4104 =
530 4095 545 4127 „
590 4054 638 4113 23'
655 4081 691 4106 =
738 4098 754 4132 ,‚
811 4057 880 4128 109,
903 4059 921 4116 3
942 4055 967 4116 ‘e
989 4059 1145 4117 anochio
1167 4067 1273 4117 etms.
1295 4055 1426 4118 Metelli'.

322 4193 337 4225 „
361 4151 421 4210 669
445 4177 482 4204 =
530 4196 545 4228 „
589 4154 629 4213 96
652 4181 689 4206 ==
736 4198 751 4231 „
809 4157 879 4228 101,
903 4159 915 4214 1
941 4155 1134 4216 ‘describebat
1152 4157 1292 4218 Metellus
1314 4178 1331 4217 e
1352 4159 1479 4219 Iucundi
1501 4161 1584 4221 sche-

1020 4257 1067 4316 dis
1088 4257 1139 4332 qui
1160 4253 1251 4316 vidit'.

319 4394 334 4427 ,
361 4353 420 4413 563
445 4379 482 4404 =
513 4360 544 4429 '„
590 4354 628 4415 69
653 4381 689 4406 --
737 4398 752 4430 ,
807 4356 877 4426 946,
900 4358 920 4415 4
940 4353 1165 4416 ‘Gntenstenins
1190 4376 1207 4414 e
1229 4374 1285 4416 ms.
1307 4355 1439 4418 Metelli‘.

322 4494 336 4526 ,‚
362 4453 421 4512 719
445 4480 482 4504 =
528 4498 544 4530 „
589 4452 690 4514 93ἰ-
734 4498 749 4528 ,
808 4457 857 4529 35,
883 4457 921 4516 10
940 4453 1089 4516 ‘Metellus
1111 4457 1398 4517 describebatems.
1417 4459 1484 4518 cod.
1502 4462 1583 4520 card.

1021 4551 1202 4633 Carpensis'.

320 4692 335 4724 ,
361 4651 421 4711 885
445 4678 481 4704 =
528 4695 543 4727 „
589 4652 637 4713 60¹
652 4681 689 4706 =
736 4698 752 4730 „
807 4654 878 4728 936,
903 4658 916 4713 1
940 4653 1088 4715 ‘Metellus
1115 4675 1154 4714 ex
1179 4656 1216 4715 fr.
1238 4658 1365 4716 Incnndi
1396 4661 1585 4738 autographo

1020 4757 1072 4832 qui
1094 4756 1171 4815 vidit
1192 4752 1337 4817 describ’.

297 4987 300 4993 ·
352 4963 376 5024 ¹)
402 4966 444 5015 ltx
468 4980 502 5016 aa
522 4968 689 5020 adnotatione
713 4984 779 5035 qnae
802 4970 866 5020 olim
884 4971 1010 5035 cxscnpsi
1027 4969 1135 5034 Romae,
1160 4986 1218 5023 cnm
1241 4985 1274 5022 nc
1294 4970 1374 5022 hodia
1392 4973 1497 5037 quidem
1516 4975 1583 5025 lectu

257 5053 363 5118 indigna
381 5054 441 5118 sint,
461 5057 522 5106 dedi
541 5058 568 5106 ln
586 5060 728 5122 appendice
747 5059 783 5124 (p.
799 5058 852 5120 76).
