3480 5804
612 517 910 573 oasnuvsrronns
927 517 1046 571 amon.
1065 518 1130 570 vn.
1457 506 1528 577 141

205 699 328 752 ventum
354 691 385 750 in
413 707 471 749 nno
501 689 588 748 titulo
614 691 721 750 aetatis
747 688 1009 768 Diocletianae¹);
1039 710 1108 750 nam
1134 711 1200 753 cum
1230 693 1341 753 divisio
1368 695 1474 755 Italiae
1495 699 1531 758 in

205 793 359 853 dioeceses
380 792 457 850 duas
478 791 579 849 vicarii
599 792 680 849 ltalii
702 799 733 850 et
753 792 857 851 vicarii
880 792 962 850 urbis
978 791 1093 851 Rerum
1113 793 1193 852 circa
1213 793 1288 854 haec
1309 796 1378 872 ipsa
1397 805 1532 875 tempora

167 935 171 943 .
206 891 393 971 coeperitl),
420 900 571 951 corrector
594 892 648 967 qui
673 893 831 952 universae
853 893 960 952 Italiae
985 904 1140 969 praeesset
1165 895 1222 954 hoc
1243 903 1382 972 respectu
1402 897 1532 959 fortasse

205 995 266 1054 dici
287 993 385 1072 potuit
407 1000 515 1052 statum
537 993 686 1070 corrigere
701 993 807 1052 Italiae
829 989 1033 1070 utriusque³).
1068 995 1111 1052 At
1131 996 1186 1054 sub
1207 996 1244 1054 iia
1258 997 1334 1073 ipsis
1348 998 1533 1076 imperatori·

205 1095 264 1154 bus
286 1094 434 1170 incipiunt
454 1100 637 1181 correctores
658 1094 812 1170 regionum
835 1095 908 1154 certi
929 1103 959 1154 et
980 1094 1146 1168 indubitati,
1168 1096 1285 1157 scilicet
1299 1098 1405 1158 Italiae
1419 1090 1533 1160 Trans-

206 1194 384 1274 padanae⁴)
411 1194 502 1270 (quae
528 1193 610 1271 regio
639 1212 711 1252 mox
738 1212 806 1254 esse
827 1195 916 1254 desiit
936 1196 1032 1255 divisa
1051 1197 1084 1255 in
1098 1196 1255 1256 Venetiam
1277 1197 1483 1278 Histriamque
1503 1211 1534 1262 et

207 1295 363 1375 Liguriam
384 1295 532 1354 Aemiliae
559 1294 758 1370 adiunctam),
785 1296 856 1354 item
872 1295 1017 1354 Venetiae
1042 1305 1073 1355 et
1093 1295 1285 1375 Histriae5),
1311 1300 1382 1360 item
1404 1302 1532 1380 Campa·

207 1395 333 1473 niae⁸),
362 1404 394 1455 nt
421 1415 474 1455 eas
502 1395 585 1455 solas
613 1413 739 1472 ponam,
769 1415 844 1474 quas
872 1397 967 1456 titulis
994 1397 1060 1456 eius
1088 1399 1195 1458 aetatis
1224 1408 1348 1460 testatas
1377 1403 1534 1465 habemus.

208 1498 346 1574 Apparet
369 1497 463 1575 igitur
489 1495 571 1571 quod
593 1495 630 1554 de
651 1495 844 1555 Diocletiano
865 1497 1048 1574 collegisque
1068 1499 1134 1557 eiua
1155 1499 1187 1556 in
1208 1500 1379 1562 uuiversum
1400 1507 1536 1581 perhibet

208 1607 315 1657 auctor
334 1597 472 1674 aequalis
492 1597 664 1674 provincias
686 1597 782 1657 abiis
803 1599 835 1656 in
856 1598 953 1657 frusta
972 1600 1108 1659 concisas
1129 1617 1206 1672 esse,
1228 1602 1267 1660 ad
1282 1601 1400 1663 ltaliam
1416 1625 1536 1684 quoque

209 1699 390 1778 pertinuisse
415 1705 446 1758 et
470 1695 549 1757 inter
574 1715 601 1756 a
623 1695 684 1756 190
704 1707 735 1757 et
754 1698 814 1756 300
840 1717 896 1776 pro
921 1709 1090 1759 correctore
1116 1701 1207 1760 totius
1234 1702 1341 1763 Italiae
1366 1707 1418 1782 qni
1438 1707 1537 1767 fuerat

209 1817 263 1858 eos
285 1799 480 1859 substituisse
501 1806 683 1857 correctores
702 1800 857 1877 regionum
879 1799 954 1858 tales
975 1801 1048 1872 lere,
1069 1801 1174 1877 quales
1195 1802 1303 1864 deinde
1323 1819 1504 1869 manserunt.

365 1901 425 1972 20.
470 1895 632 1997 Legatos
648 1897 808 1997 Augusti
832 1923 902 1998 pro
925 1910 1097 1998 praetore
1113 1899 1325 1978 Pannoniae
1342 1903 1535 1982 inferioris.

293 2019 489 2098 legationem
515 2019 593 2078 hanc
618 2039 637 2078 a
658 2017 795 2079 Casinati
820 2019 908 2078 titulo
934 2020 1049 2080 eluisse
1071 2022 1163 2080 videri
1189 2041 1281 2101 snpra
1305 2044 1336 2103 p.
1355 2027 1410 2085 1³1
1434 2029 1538 2088 obser-

211 2121 358 2181 vavimus.
394 2121 476 2180 Puto
496 2120 536 2178 ad
556 2138 623 2179 eam
644 2120 793 2196 pertinere
814 2138 891 2196 quae
913 2121 1024 2180 scribit·
1037 2121 1099 2181 Dio
1114 2123 1164 2195 78,
1181 2123 1218 2182 13
1240 2124 1279 2183 ad
1300 2145 1328 2186 a.
1343 2147 1373 2204 p.
1389 2124 1461 2188 (ihr.
1477 2129 1536 2190 tlt

211 2239 305 2301 agent
330 2222 367 2282 de
388 2222 538 2281 Macrinoc
564 2212 741 2296 ἄλογώτατα
764 2211 888 2302 Mcr'pusa‘v
912 2242 944 2277 rs
963 2214 1129 2304 Ἀγρίππαν
1154 2214 1285 2308 rrpo'rapov
1309 2215 1359 2294 niv
1379 2227 1408 2288 ἐς
1429 2233 1540 2289 Παννο-

210 2317 286 2391 νίαν,
305 2311 357 2381 εἶτ’
379 2321 409 2384 ἔς
428 2313 539 2380 Δακῖαν
559 2310 793 2397 ἦγεμονεῦταντα
813 2309 960 2390 insudare·
985 2315 1052 2380 rede
1074 2316 1131 2403 ’γὰρ
1156 2312 1306 2403 ἄρχοντας
1327 2323 1421 2386 αὐτῶν
1441 2320 1488 2388 ro‘v
1508 2354 1539 2389 τε

210 2415 342 2490 Σαβῖνον
361 2412 410 2480 aci
430 2417 477 2481 riu
497 2423 636 2479 Kar-river
656 2409 735 2496 λέγῳ
756 2408 804 2488 niv
826 2416 865 2480 uic
884 2410 933 2477 uoti
953 2422 1005 2491 tric
1024 2413 1179 2480 ocrearius
1200 2425 1285 2498 etpoiv
1306 2417 1445 2497 διέμενος,
1464 2424 1539 2514 ἔργῳ

211 2513 243 2582 di
264 2513 297 2582 ro'
317 2546 348 2581 ra
370 2513 444 2580 neira
466 2511 596 2607 ψρὸνημα
615 2511 665 2578 καὶ
686 2513 735 2591 τὴν
749 2512 848 2596 φιλίαν
862 2515 956 2579 αὐτῶν
970 2515 1018 2592 τὴν
1032 2514 1101 2601 cpia
1113 2517 1161 2580 riv
1174 2514 1364 2607 Kapriaerltltov
1378 2521 1540 2603 φοβηθείς,

291 2769 316 2834 ¹)
342 2771 456 2822 Fabrett.
470 2770 533 2832 100,
547 2768 609 2819 517.
631 2769 692 2829 700,
707 2767 760 2818 115
780 2786 813 2810 =
828 2767 898 2818 Don.
913 2767 938 2830 5,
953 2767 988 2818 60
1001 2787 1035 2810 =
1050 2767 1130 2820 Orcll.
1144 2769 1192 2821 60:
1216 2767 1249 2820 L.
1269 2771 1345 2823 Aelio
1362 2770 1456 2826 Helvio
1475 2774 1539 2828 Dio-

213 2862 286 2930 nysio
305 2877 328 2914 c.
346 2877 371 2913 ο.
377 2897 386 2924 ,
409 2859 491 2911 iudici
507 2875 638 2910 terraram
657 2859 824 2926 coquitt'ouum
841 2860 917 2910 toties
937 2856 1034 2921 Orien,
1057 2859 1176 2928 praestiti
1194 2859 1286 2927 Syriae
1304 2865 1382 2927 coele,
1404 2871 1543 2919 correctori

215 2955 321 3022 utriusq.
334 2951 437 3013 Italiae,
458 2951 572 3003 curatori
589 2965 648 3016 aqu.
666 2956 691 3000 et
702 2947 832 3001 Minuciae
850 2958 899 3001 cet.
931 2950 972 3002 Cf.
991 2950 1023 3000 de
1036 2965 1068 3002 eo
1081 2952 1186 3003 homine
1198 2953 1354 3019 Borghesins
1373 2959 1541 3022 opp.3,106

215 3059 331 3113 quaeque
349 3044 473 3095 adnotari
491 3043 525 3092 ad
538 3043 598 3093 Vat.
615 3041 648 3091 fr.
662 3039 734 3103 141.
765 3041 916 3093 Praefectus
933 3041 992 3092 urbi
1009 3042 1093 3094 tactus
1105 3049 1144 3093 est
1161 3058 1185 3094 a
1199 3044 1262 3106 301,
1281 3054 1341 3096 ante
1354 3063 1431 3113 quem
1443 3064 1543 3102 correo·

216 3143 275 3209 tura
292 3136 394 3186 iunctm
412 3136 446 3185 alt
462 3146 566 3185 necesse
584 3138 631 3182 est.
645 3159 678 3169 -
699 3133 731 3182 Iu
751 3134 826 3184 titulo
845 3134 986 3184 Formiano
1004 3133 1072 3184 lectu
1090 3134 1190 3185 dlillelli
1210 3137 1230 3186 I.
1245 3137 1278 3187 N.
1292 3139 1364 3188 1067
1380 3157 1414 3180 =
1426 3141 1543 3193 Heuzeni

217 3229 290 3280 teos
309 3241 376 3293 quae
393 3227 431 3276 aa
449 3226 540 3290 except
559 3229 680 3272 rasuvr
694 3214 765 3274 srrL
781 3229 910 3274 nronrsr
925 3228 1009 3273 cons
1023 3229 1085 3272 viar
1100 3227 1184 3273 couu
1199 3231 1324 3274 aaran
1348 3244 1406 3279 enm
1424 3232 1542 3283 videren-

216 3326 260 3370 tur
277 3318 405 3385 pertinere
428 3331 504 3382 posse
527 3316 561 3367 ad
583 3317 694 3366 eundem
718 3317 862 3377 hominem,
888 3316 942 3366 adii
965 3330 1012 3380 per
1035 3316 1134 3366 litteras
1153 3318 1235 3367 virum
1254 3320 1377 3369 eximium
1396 3322 1491 3373 Iulium
1510 3325 1544 3374 de

216 3410 308 3472 Petra,
330 3415 361 3458 ut
382 3423 442 3458 mea
464 3422 542 3460 eausa
564 3407 678 3472 lapidem
702 3407 838 3471 diligenter
861 3407 1034 3468 examinaret;
1058 3408 1189 3471 rescripsit
1213 3409 1313 3458 iavere
1337 3410 1365 3460 in
1383 3411 1469 3475 lapide
1488 3428 1544 3465 esse

217 3487 303 3562 11111,
323 3507 353 3550 nt
370 3500 542 3562 conlocaram,
562 3511 719 3564 praenomen
738 3504 825 3547 autem
843 3512 896 3548 non
917 3500 934 3541 1.
953 3511 1009 3546 esse
1028 3497 1118 3559 videri,
1139 3499 1185 3548 sed
1206 3503 1232 3546 Ρ.
1268 3501 1358 3565 ltaque
1376 3501 1492 3553 diversus
1511 3506 1545 3554 sit

217 3607 323 3645 necesse
341 3598 388 3642 eat.

274 3679 320 3746 ι’)
346 3682 415 3734 Vide
439 3695 505 3746 qnae
527 3680 660 3732 observari
684 3680 711 3730 in
737 3677 778 3730 ed.
804 3684 937 3730 auctorum
961 3678 1161 3743 gromaticorum
1186 3682 1203 3730 1
1210 3716 1218 3743 ,
1234 3680 1284 3732 198
1311 3687 1337 3731 ο1
1362 3682 1389 3732 in
1414 3686 1546 3736 memoriis

217 3774 278 3826 inst.
295 3773 367 3824 arch.
387 3774 413 3835 1,
428 3772 491 3823 316.

295 3861 321 3927 ¹)
348 3863 536 3929 adquievimus
553 3861 638 3912 adhuc
657 3861 685 3911 iu
704 3861 852 3912 coniectura
868 3860 1017 3923 Maltelana,
1037 3875 1102 3925 qnae
1121 3861 1213 3911 nititur
1230 3863 1304 3913 titulo
1322 3878 1384 3914 mox
1403 3865 1545 3918 adterendo

219 3962 379 4008 memorante
402 3959 565 4004 correctorem
587 3951 683 4002 Italica
706 3950 920 4019 Trauapuduaee,
943 3959 1079 4017 utramque
1097 3952 1199 4004 Italiam
1223 3953 1362 4019 significari
1381 3956 1547 4022 Transpada·

218 4061 279 4098 nam
301 4053 328 4096 et
350 4045 533 4110 Cispadanam.
570 4044 609 4093 At
633 4043 796 4108 Cispadanae
817 4045 911 4095 Italiae
934 4050 960 4094 et
984 4043 1135 4094 vocabulum
1160 4044 1302 4094 inauditnm
1327 4052 1366 4096 eat
1384 4061 1467 4112 neque
1485 4050 1546 4100 insti

220 4138 284 4190 duaa
302 4137 358 4188 eius
375 4136 422 4186 nlll
440 4135 489 4186 hac
503 4142 576 4203 certe
593 4141 677 4185 aetate
695 4135 805 4185 indicari
823 4141 939 4198 possum.

295 4225 322 4290 ⁴)
349 4227 383 4279 Τ.
407 4226 513 4277 Flavius
536 4224 683 4276 Postumius
702 4224 822 4275 Titianus
846 4231 909 4274 teste
933 4224 1009 4275 titulo
1032 4223 1113 4274 Orell.
1134 4224 1205 4274 1194
1229 4233 1359 4275 corrector
1381 4227 1431 4277 fuit
1454 4229 1547 4280 Italiae

156 4314 168 4328 '
220 4318 436 4384 Transpadanos,
463 4317 524 4366 item
546 4323 676 4368 corrector
694 4315 852 4380 Campaniae
876 4321 1013 4382 antequam
1036 4314 1115 4380 gessit
1135 4313 1296 4365 consulatum
1315 4316 1424 4368 altemm
1443 4319 1546 4370 ordlua·

219 4409 288 4462 rium
306 4424 331 4461 a.
344 4410 407 4460 301.

298 4498 323 4564 ⁸)
349 4500 443 4552 Iateins
461 4497 593 4550 Tertullus
615 4513 640 4547 ο.
729 4513 796 4548 corr.
815 4493 897 4547 Venet.
921 4503 946 4547 et
963 4492 1103 4559 Histriae]
1128 4494 1229 4546 Patavii
1252 4495 1354 4546 titulum
1371 4497 1406 4558 V,
1420 4499 1491 4549 2818
1512 4518 1547 4542 =

221 4591 304 4645 orant
318 4592 391 4643 1050
408 4590 537 4642 dedicavit
554 4588 592 4640 11.
606 4587 672 4638 Aur.
685 4588 792 4639 Valerio
805 4588 975 4638 Maximiano.
1007 4587 1100 4638 Eidem
1113 4586 1230 4636 Tertullo
1248 4586 1347 4651 positus
1366 4587 1454 4638 titulus
1471 4589 1548 4641 urba·

220 4698 270 4737 nus
288 4682 405 4736 lianaeni
423 4696 449 4732 n.
464 4679 535 4731 6176
553 4679 582 4729 in
600 4679 659 4729 loeo
678 4677 728 4729 huc
744 4678 855 4728 leniente
873 4677 937 4728 hiat.

298 4772 324 4837 ⁸)
351 4773 459 4826 Praeter
471 4771 604 4823 Titianum
622 4767 686 4831 (not.
699 4768 727 4831 4)
746 4769 919 4820 nominandus
937 4773 976 4818 est
995 4767 1025 4819 C.
1036 4767 1138 4817 Vettius
1151 4765 1284 4817 Cossinius
1297 4766 1405 4820 Rufinus
1423 4778 1551 4822 corrector
1594 4780 1597 4786 '

225 4860 392 4933 cmm,
414 4868 543 4916 eammor
564 4858 672 4911 Tascius
689 4865 714 4910 et
734 4855 860 4921 Umbriae,
880 4865 1007 4911 serrator
1024 4853 1140 4908 Venetiae
1158 4864 1182 4907 et
1199 4853 1316 4908 Histriae
1335 4859 1549 4920 (111155οε

222 4954 305 5009 orell.
323 4956 407 5019 ttae)
431 4959 571 5021 autequam
594 4950 678 5003 lactus
700 4955 740 5002 ast
763 4950 907 5016 praetactas
928 4949 1000 5000 urbis
1018 4963 1042 5000 a.
1057 4948 1124 5010 315,
1149 4954 1176 4998 ο1
1194 4947 1352 5013 Campaniae
1370 4951 1475 5016 quidem
1493 4968 1550 5003 cor·

220 5044 552 5109 mutuante,
578 5038 1551 5111 cumaacorreaturatestatttnloitloaceuitatauartprmatdenta-

219 5136 338 5192 mit·
