3480 5804
490 489 788 543 oassavamouus
806 488 924 542 uersa.
943 488 1024 541 xm.
1343 476 1389 548 27
1395 480 1416 549 5

93 667 194 726 monio
214 664 378 723 nascituris
400 663 551 722 successio
572 664 657 739 regni
678 663 744 720 eius
766 661 896 722 daretur.
939 662 1079 723 Obtinuit
1106 665 1138 723 id
1165 667 1268 742 puella
1299 671 1420 730 omnino

92 776 217 844 propter
237 774 362 824 matrem
382 781 565 841 quamquam
587 762 698 822 dudum
719 771 808 822 antea
827 763 997 823 defunctam
1018 766 1116 840 gratia
1137 767 1242 826 domus
1259 770 1420 846 Antoniae,

93 887 183 947 quam
206 885 241 925 eo
262 867 331 941 ipso
351 875 485 942 tempore
507 865 634 923 multum
655 864 792 941 potuisse
813 865 892 941 apud
913 867 1083 941 Augustum
1105 875 1232 928 constat.
1263 870 1310 930 Ita
1323 873 1437 932 Iulius·

93 969 247 1028 Antonius
262 967 411 1025 triumviri
426 966 505 1026 lilius
519 966 614 1025 donec
635 965 673 1025 ob
688 966 921 1025 coniurationem
936 966 1025 1043 periit
1043 986 1069 1026 a.
1086 967 1157 1040 752,
1180 971 1309 1046 primum
1322 974 1420 1033 locum

94 1071 175 1148 apud
196 1088 264 1128 eum
282 1068 377 1126 tenuit
390 1076 461 1144 post
474 1068 631 1144 privignos
650 1085 836 1144 uxoremque
857 1067 964 1126 ducere
982 1068 1080 1143 potuit
1097 1081 1167 1146 post
1187 1090 1215 1130 a.
1232 1072 1291 1131 733
1307 1075 1422 1135 sororis

95 1171 226 1249 Augusti
252 1170 345 1227 filiam
372 1167 596 1244 Marcellam1);
630 1168 762 1226 Antonia
794 1169 892 1227 minor
918 1187 1005 1229 soror
1032 1171 1096 1228 eius
1122 1173 1225 1248 nupsit
1251 1191 1276 1232 c.
1304 1193 1331 1233 a.
1360 1175 1420 1235 738

95 1273 198 1332 Druso
230 1270 360 1348 Augusti
393 1270 532 1347 privigno
563 1276 594 1328 et
624 1269 844 1346 quodammodo
877 1271 955 1342 fili03
991 1269 1154 1348 Cleopatra
1189 1273 1264 1332 adeo
1300 1277 1422 1352 reginae

95 1375 228 1449 Aegypti
244 1374 382 1447 Augusto
403 1369 538 1429 infensae
553 1370 616 1429 filia
632 1370 800 1428 adulterina
814 1370 907 1429 Iubae
921 1370 1082 1430 Numidiae
1095 1373 1175 1450 regis
1190 1374 1253 1434 filio
1274 1377 1305 1434 iu
1320 1379 1423 1436 matri·

95 1474 227 1532 monium
249 1472 320 1530 data
340 1480 370 1530 et
391 1471 458 1546 ipsa
483 1472 597 1547 regium
618 1472 762 1530 honorem
785 1471 893 1547 adepta
914 1479 970 1531 est.
1013 1472 1130 1533 Horum
1152 1495 1213 1534 non
1236 1477 1358 1553 ignarus
1379 1478 1422 1537 in·

96 1574 225 1649 telleget,
248 1590 300 1631 cur
321 1571 400 1631 alius
422 1572 534 1630 sororis
552 1571 662 1631 dudum
684 1572 841 1631 deiunctae
862 1573 926 1631 tilia
939 1574 1057 1632 Asiana
1077 1575 1116 1632 ad
1137 1577 1252 1654 regium
1273 1578 1372 1637 locum
1394 1588 1425 1638 et

97 1675 165 1749 ipsa
177 1673 347 1750 pervenerit
360 1679 390 1731 et
403 1672 518 1748 posteri
532 1691 586 1731 cur
600 1672 778 1732 celebrarint
791 1683 917 1732 matrem
931 1674 995 1733 eius
1010 1676 1174 1734 Antoniam
1188 1672 1237 1748 τὴν
1252 1669 1422 1762 carpetania.

181 1771 336 1849 Superest,
365 1781 398 1830 ut
422 1791 520 1850 pauca
545 1773 710 1832 adiciamus
740 1774 778 1833 de
802 1776 932 1851 posteris
952 1774 1166 1852 Pythodoridis
1192 1785 1222 1836 et
1241 1777 1425 1852 Polemonis,

98 1873 228 1934 maxime
250 1874 287 1931 de
308 1874 358 1943 iis,
380 1873 431 1949 qui
451 1872 547 1932 Marci
567 1873 693 1930 Antonii
720 1873 870 1932 dicuntur.
912 1873 960 1931 Ea
981 1876 1104 1934 nomina
1124 1878 1222 1936 adhuc
1243 1879 1425 1939 credidimus

97 1974 248 2051 proficisci
269 1993 288 2031 a
309 1973 428 2032 civitate
449 1973 607 2031 Polemoni
627 1973 738 2032 tributa
759 1993 779 2032 a
798 1974 840 2032 M.
863 1975 994 2032 Antonio
1016 1975 1179 2050 triumviro,
1203 1980 1316 2056 pariter
1336 1989 1425 2058 atque

98 2075 268 2153 Bosporani
300 2091 386 2151 reges
418 2074 487 2132 inde
514 2095 533 2132 a
557 2074 680 2133 Tiberio
713 2075 902 2150 appellantur
929 2076 977 2134 Ti.
1007 2075 1085 2135 Iulii.
1128 2078 1172 2137 At
1199 2081 1346 2140 eiusmodi
1375 2084 1426 2142 de·

98 2177 263 2236 nominatio
284 2194 355 2234 uum
377 2182 446 2234 ante
467 2174 630 2234 stabilitum
649 2175 765 2234 Romae
785 2176 944 2251 imperium
970 2177 1033 2254 regi
1055 2188 1160 2237 extero
1181 2199 1241 2239 non
1262 2182 1357 2240 infimi
1378 2203 1426 2241 or-

99 2278 178 2336 dinis
191 2277 265 2335 satis
279 2277 446 2346 conveniat,
461 2275 589 2334 dubitari
602 2282 714 2352 potest3
729 2275 819 2333 hodie
834 2295 905 2335 vero
919 2284 1078 2353 postquam
1098 2280 1238 2356 apparuit
1251 2281 1426 2342 Polemonis

99 2378 210 2437 liberos
231 2397 270 2436 ex
292 2376 497 2454 Pythodoride
523 2385 611 2434 natos
632 2374 813 2435 descendere
835 2395 873 2434 ex
894 2377 1043 2448 Antonia,
1068 2397 1156 2437 nemo
1177 2381 1285 2456 opinor
1305 2385 1428 2460 negabit

99 2479 221 2539 nomina
251 2479 306 2536 ills
336 2496 396 2535 non
423 2497 442 2534 a
467 2477 587 2535 civitate
614 2476 778 2552 proficisci,
806 2476 860 2534 sed
887 2497 906 2534 a
934 2477 1037 2554 stirpis
1058 2479 1192 2556 principe
1212 2483 1248 2557 τῇ
1273 2475 1426 2564 olimpiade
1516 2533 1521 2539 .

96 2572 242 2652 Ἀντωνίᾳ.
285 2580 322 2637 Id
344 2579 371 2637 si
392 2579 435 2637 ita
456 2589 516 2650 est,
539 2577 708 2636 Zenonides
733 2577 755 2635 ii
779 2577 830 2653 qui
852 2577 991 2635 dicuutur
1011 2579 1052 2637 M.
1075 2580 1199 2639 Antonii
1221 2599 1281 2640 uon
1301 2596 1430 2659 possunt

100 2681 204 2757 quaeri
224 2680 285 2738 nisi
305 2679 538 2756 interposteros
559 2676 785 2754 Pythodoridis.
828 2675 906 2738 Sane
928 2678 1052 2737 Polemo
1068 2681 1283 2757 Pythodoridis
1304 2686 1429 2745 maritus

101 2784 278 2856 ubicumque
299 2787 481 2839 memoratur
502 2789 532 2839 et
552 2780 633 2856 apud
647 2787 783 2837 auctores
804 2786 835 2836 et
849 2779 882 2836 in
896 2780 1025 2838 nummis
1039 2781 1203 2857 titulisque,
1225 2784 1308 2843 aliud
1321 2804 1430 2846 nomen

102 2901 162 2941 non
191 2882 322 2940 adsumit
348 2881 407 2940 nisi
434 2881 465 2940 in
493 2880 622 2940 nummis
651 2879 714 2939 suis
739 2870 902 2943 Εὐσεβοῦς.
945 2880 1047 2939 Etiam
1073 2881 1159 2941 liberi
1186 2884 1251 2943 eius
1277 2886 1309 2944 in
1339 2887 1431 2946 docu-

102 2960 211 3043 mentis
232 2984 320 3042 certis
342 2982 461 3041 nomina
475 2981 613 3040 Romano
635 2979 800 3050 abstineut3
821 2980 948 3056 denique
970 2981 1094 3040 ultimus
1114 3002 1169 3042 rex
1185 2984 1275 3045 Ponti
1294 2987 1431 3061 Polemo,

104 3104 192 3163 quem
218 3084 432 3162 Pythodoridis
457 3090 595 3161 nepotem
622 3081 723 3159 potius
749 3098 840 3157 quam
866 3080 961 3139 filium
986 3081 1082 3142 fuisse
1103 3083 1355 3164 Waddingtonius
1380 3089 1432 3148 do·

98 3162 174 3258 'cuit
196 3187 227 3244 in
248 3186 377 3244 nummis
399 3185 456 3258 hoc
478 3185 576 3244 solum
597 3201 705 3242 nomeu
728 3183 836 3258 posuit.
873 3182 914 3240 Μ.
936 3184 1062 3242 Antonii
1084 3184 1133 3242 vel
1154 3194 1233 3244 certe
1255 3190 1380 3248 Antonii
1401 3193 1433 3249 iu

104 3289 161 3346 hac
187 3286 301 3344 familia
326 3285 378 3360 qui
405 3284 544 3343 dicuntur
571 3292 633 3342 tres
660 3290 745 3355 sunt,
773 3282 889 3359 primus
916 3283 1001 3342 cuius
1028 3293 1132 3342 extant
1162 3288 1276 3344 nummi
1311 3291 1356 3348 sic
1387 3291 1433 3348 in·

106 3389 223 3466 scripti:
256 3392 295 3444 Μ.
316 3376 463 3442 ’Antoniou
493 3375 656 3450 Πολέμωνος
688 3372 844 3463 ἀρχιερέως
876 3373 1018 3439 δυνάστου
1043 3373 1176 3448 Ὀλθὲων
1205 3378 1257 3454 τῆς
1284 3387 1359 3470 ἱεροῖς
1384 3381 1433 3449 καὶ

106 3489 254 3547 Κεννοοτῶν
274 3476 323 3544 καὶ
337 3474 514 3543 Anastasius
535 3474 643 3559 ἔθους)
665 3472 682 3537 ι’
704 3481 752 3541 vel
773 3471 822 3552 ια’,
843 3481 896 3557 qui
917 3499 977 3558 quo
996 3491 1130 3559 tempore
1150 3485 1271 3557 vixerit,
1292 3488 1351 3565 ipsi
1374 3508 1435 3551 non

108 3583 296 3670 aperiunt²);
318 3585 425 3645 deinde
446 3584 473 3644 is
496 3584 549 3662 qui
568 3582 738 3643 nominatur
756 3583 788 3641 iu
803 3582 933 3641 nummis
955 3583 1057 3659 oppidi
1071 3583 1251 3659 Laodiceae,
1272 3588 1302 3646 in
1324 3591 1434 3667 quibus

108 3693 146 3751 ab
168 3710 229 3750 una
249 3697 333 3768 parte
353 3687 463 3764 legitur
487 3680 575 3756 δῆμος
595 3674 754 3741 Λαοδικέων
779 3673 827 3741 καὶ
851 3675 1021 3766 Ζμυρνου’ων,
1053 3685 1092 3744 ab
1119 3686 1215 3745 altere
1239 3677 1284 3745 ἐπὶ
1316 3681 1435 3773 ἱερέως)

109 3783 333 3872 [Μ.]Ἀντωνιόυ
349 3779 539 3866 Πο(λε’μωνος)
554 3783 617 3844 droti
629 3775 753 3857 Ζήνωνος
766 3778 797 3843 το
813 3774 848 3859 δ’,
862 3785 1113 3863 similibusque,³)
1128 3805 1205 3864 quos
1220 3790 1376 3867 probabile
1389 3804 1437 3852 est

107 3913 196 3955 cusos
216 3885 285 3954 esso
306 3890 522 3970 imperantibus
544 3886 672 3948 Claudio
700 3894 729 3945 et
749 3885 884 3959 Neroue3
912 3887 1017 3946 tertius
1047 3889 1184 3964 sophista
1204 3892 1356 3952 Antonius
1376 3892 1436 3952 Po·

188 4179 212 4244 ¹)
229 4178 361 4232 Plutarch.
379 4179 478 4229 Antou.
499 4178 542 4228 87.

187 4270 212 4335 ²)
230 4272 409 4336 Waddington
426 4270 445 4320 l.
464 4286 486 4320 c.
505 4285 531 4334 p.
552 4269 604 4319 121
624 4280 669 4317 eos
687 4264 766 4316 refert
785 4264 819 4316 sd
838 4280 862 4316 a.
883 4266 944 4316 724.
965 4266 1032 4330 7253
1052 4266 1097 4316 sed
1116 4275 1219 4333 praeter
1236 4268 1264 4320 id
1277 4269 1347 4336 qnod
1359 4286 1438 4337 supra

111 4365 303 4417 observavimus
321 4378 354 4413 ea
371 4367 455 4414 aetate
473 4361 573 4411 nullum
592 4357 677 4410 adhuc
695 4372 749 4409 esse
767 4356 882 4423 pumiceo
900 4356 938 4409 ld.
957 4357 1102 4407 Antonium
1115 4358 1292 4424 Polemonem,
1312 4362 1438 4413 eiusmodi

111 4457 236 4523 temporis
253 4454 435 4506 determinatio
451 4451 590 4504 difficulter
607 4449 759 4502 conciliaus
776 4464 835 4500 cum
853 4449 893 4511 iis,
913 4462 979 4515 quae
997 4448 1029 4499 dc
1042 4447 1193 4500 Olbensium
1212 4450 1332 4515 dynastia
1344 4453 1439 4506 Strabo

111 4549 209 4602 scribit.

190 4637 216 4702 ⁸)
235 4636 413 4701 Waddingtou
431 4634 449 4686 l.
468 4650 491 4685 c.
510 4649 537 4699 p.
557 4633 619 4696 1³1,
638 4631 683 4699 qul
702 4631 786 4683 cidem
805 4629 905 4682 bomini
922 4630 1038 4681 attribuit
1054 4646 1174 4682 nummos
1194 4633 1260 4684 alios
1278 4633 1440 4687 Laodicenos

113 4740 174 4795 tres,
193 4732 222 4782 in
240 4728 332 4797 quibus
350 4741 445 4779 nomen
462 4726 500 4777 sio
519 4723 635 4776 offertum
654 4718 698 4774 lari
716 4718 748 4772 ia.
782 4713 894 4786 Ζήνωνος
912 4720 964 4770 Πο.
978 4718 1013 4770 vl.
1026 4711 1056 4770 ri
1076 4711 1098 4770 δ’
1113 4719 1303 4791 οοΠολίμωνος
1320 4722 1377 4775 vicii
1389 4715 1440 4789 Zsf.

114 4838 197 4880 νονος.
233 4821 335 4873 Horum
353 4818 405 4870 duo
423 4818 531 4869 nomina
546 4815 645 4869 babent
662 4813 766 4866 Claudii
784 4819 810 4864 et
826 4813 952 4876 Neronis,
978 4813 1043 4863 duos
1064 4814 1177 4880 reliquos
1196 4816 1338 4868 litterarum
1356 4817 1440 4868 forma

114 4921 143 4967 et
159 4914 223 4968 ertia
239 4912 397 4980 propriaue
414 4909 592 4965 Neronianum
609 4914 711 4973 tempus
727 4904 825 4957 reterre
843 4903 1062 4970 weddingtonius
1080 4905 1175 4957 scribit.
