3480 5804
340 458 411 527 114
860 470 1143 525 nrrrsnennonn

335 647 415 717 eius,
444 646 495 720 qui
522 653 606 704 tanta
632 646 713 721 apud
740 645 903 719 principem
929 645 1025 720 gratia
1045 644 1193 716 floruerit,
1220 654 1253 702 ut
1274 646 1301 703 ci
1323 645 1511 725 praefectura
1532 648 1664 723 Aegypti

334 747 535 806 mandaretur.
578 745 680 805 Unum
705 745 775 804 addi
796 753 911 822 potest:
941 744 1018 804 Cum
1040 744 1165 804 Tacitus
1187 745 1255 803 loco
1276 763 1369 821 supra
1389 747 1481 805 allato
1503 745 1664 806 Octavium

334 851 517 909 Frontonem
543 849 689 919 nominet,
719 848 771 923 qui
792 865 820 906 a.
839 846 875 904 16
891 864 919 904 a.
935 844 1007 906 Chr.
1030 848 1198 922 praetorius
1219 847 1323 920 fuerit,
1351 866 1480 924 cumque
1500 848 1664 907 viderimus

334 951 438 1010 rodem
460 951 523 1009 fere
544 959 677 1026 tempore
698 948 734 1007 P.
756 947 914 1007 Octavium
935 949 1145 1024 proconsulem
1168 946 1276 1007 Cretae
1297 958 1328 1007 et
1348 946 1536 1025 Cyrenarum
1556 950 1663 1021 tuisse,

333 1070 422 1128 quem
442 1052 689 1127 proconsulatum
710 1050 927 1125 praetoriorum
948 1049 1041 1109 fuisse
1062 1050 1253 1108 notissimum
1275 1056 1331 1121 est,
1352 1051 1447 1126 possit
1469 1051 1578 1127 aliquis
1592 1070 1661 1109 con·

332 1153 439 1225 licere,
464 1160 621 1229 utrumque
643 1153 768 1213 cundem
790 1172 866 1214 esse.
911 1150 1001 1226 Quod
1028 1170 1065 1209 ne
1091 1158 1207 1227 putem,
1233 1167 1399 1228 cognomen
1423 1152 1540 1211 suadet.
1581 1152 1662 1237 Nam

333 1254 364 1312 id
391 1272 486 1329 neque
512 1254 543 1312 in
571 1254 656 1312 titulo
679 1252 847 1331 Cyrenaico
875 1271 971 1328 neque
997 1252 1028 1309 in
1055 1252 1159 1310 Attico
1185 1251 1318 1321 additur3
1348 1262 1451 1310 contra
1477 1253 1566 1311 huius
1588 1259 1662 1312 tenr-

331 1355 415 1433 poris
441 1374 569 1426 morem,
597 1354 624 1412 si
652 1354 679 1414 is
702 1356 738 1414 P.
766 1356 909 1415 Octavius
936 1353 1057 1413 omuino
1082 1370 1248 1429 cognomen
1268 1353 1430 1412 habuisset.
1477 1354 1526 1413 Nc
1547 1355 1576 1412 id
1595 1355 1661 1429 qui·

333 1457 401 1514 dem
426 1453 641 1533 neglegendum
667 1463 729 1527 est,
757 1458 836 1532 quod
862 1457 986 1515 Tacitus
1012 1455 1095 1513 illum
1124 1452 1282 1512 Octavium
1310 1454 1495 1514 Frontonem
1522 1465 1660 1531 questum

333 1574 400 1615 esse
428 1563 530 1614 narrat
557 1556 588 1613 iu
614 1563 720 1615 senatu
746 1558 783 1617 de
808 1558 928 1616 luxuria
954 1556 1074 1615 civium.
1119 1553 1207 1628 Quod
1233 1572 1292 1614 non
1315 1554 1431 1615 videtur
1455 1556 1603 1632 quadrare
1630 1558 1661 1616 in

331 1657 494 1729 hominem,
516 1657 600 1716 cuius
623 1668 790 1734 amputet,
813 1666 845 1717 ut
865 1676 922 1735 ego
944 1676 1035 1733 supra
1057 1656 1218 1733 disputavi,
1240 1665 1293 1714 aut
1313 1657 1402 1715 etiam
1419 1656 1494 1733 ipse,
1516 1666 1549 1716 ut
1563 1655 1659 1717 Cave-

330 1757 439 1816 denius
456 1758 529 1829 vult,
552 1767 673 1834 propter
694 1760 843 1836 ingentem
866 1760 1019 1817 luxuriam
1040 1759 1071 1816 in
1094 1758 1226 1816 omnium
1248 1776 1300 1816 ore
1322 1765 1396 1816 erat.
1432 1757 1535 1832 Quare
1548 1759 1584 1816 P.
1601 1758 1660 1819 Oc·

331 1858 445 1917 tavium
466 1860 676 1935 proconsulem
698 1861 736 1917 ab
759 1859 886 1919 Octavio
908 1860 1060 1918 Frontone
1081 1859 1233 1934 praetorio
1255 1858 1406 1917 diversum
1427 1878 1494 1919 esse
1514 1869 1598 1936 puto.

415 1961 443 2018 5.
486 1958 535 2017 Ex
560 1961 751 2036 paucissimis
772 1961 833 2018 illis
855 1961 1021 2037 plebiscitis
1043 1960 1151 2018 Atticis
1176 1977 1253 2035 quae
1274 1961 1486 2035 imperatorum
1507 1961 1659 2020 Romano·

330 2078 396 2118 rum
426 2042 522 2118 aetate
549 2063 717 2137 composita
742 2062 838 2120 adhuc
864 2068 998 2132 exstant,
1028 2079 1118 2119 unum
1144 2060 1305 2118 admodum
1332 2060 1469 2119 mutilum
1497 2080 1563 2120 cum
1591 2063 1659 2123 aliis

329 2159 367 2217 de
396 2161 496 2219 causis
527 2170 587 2219 tum
618 2172 740 2238 propter
768 2162 971 2221 difficultatem
999 2162 1142 2239 temporis
1169 2169 1251 2220 recte
1279 2160 1439 2221 definiendi
1466 2165 1660 2224 memorabile

329 2270 388 2332 est;
411 2261 491 2337 quod
512 2262 608 2320 edidit
625 2263 804 2322 Pittakisius
826 2262 992 2322 l’ancienne
1016 2262 1153 2321 Athones
1175 2280 1203 2338 p.
1220 2262 1291 2334 493,
1313 2264 1535 2323 accuratissime
1557 2274 1657 2325 autem

328 2363 469 2419 tractavit
496 2359 530 2421 C.
553 2362 624 2421 Keil
651 2364 683 2422 in
707 2364 811 2424 Museo
832 2365 980 2424 Rhenano
1006 2363 1066 2422 vol.
1080 2361 1190 2422 XVIII
1210 2383 1240 2440 p.
1257 2363 1295 2422 ⁵7
1304 2382 1368 2440 sqq.
1412 2364 1514 2441 Atque
1538 2365 1566 2424 is
1592 2368 1659 2443 qui-

328 2460 396 2520 dem
422 2480 478 2537 pro
505 2471 586 2521 certo
613 2466 711 2540 ponit,
740 2466 777 2523 ad
799 2465 927 2542 Aupaats'
951 2465 1150 2543 principatum
1176 2465 1340 2540 pertinere,
1369 2483 1494 2542 eamque
1519 2486 1597 2539 rem,
1624 2478 1658 2526 ut

328 2561 415 2634 solet,
431 2580 548 2622 summa
561 2564 716 2642 diligentia
729 2574 820 2643 atque
834 2567 970 2626 doctrina
983 2568 1110 2643 probare
1125 2572 1258 2623 conatur.
1292 2563 1408 2625 Contra
1421 2584 1509 2643 quem
1523 2569 1561 2627 R.
1575 2567 1656 2627 Neu·

327 2662 421 2721 bauer
445 2664 476 2722 in
502 2668 730 2741 quaestionibus
757 2668 956 2745 epigraphicis
978 2687 1008 2744 p.
1026 2669 1084 2725 147
1106 2667 1148 2724 ita
1174 2665 1350 2742 disputavit,
1379 2667 1515 2726 utillum
1537 2669 1656 2729 titulum

326 2763 452 2821 Neroma
474 2767 602 2842 tempori
622 2768 779 2839 adscribat,
801 2768 963 2844 etquidem
985 2770 1071 2827 annis
1087 2766 1210 2826 stt-64
1226 2776 1278 2825 aut
1292 2766 1425 2827 66-68.
1461 2766 1558 2842 Quam
1572 2769 1656 2829 litem

257 2884 260 2888 ·
327 2862 466 2922 dirimere
494 2867 614 2924 conanti
640 2869 769 2943 primum
796 2869 893 2944 ipsius
922 2869 1001 2928 tituli
1027 2871 1133 2941 verba,
1155 2878 1188 2926 ut
1212 2867 1347 2939 Keilius,
1376 2868 1511 2927 adhibito
1537 2878 1657 2947 praeter

327 2962 562 3023 Pittalrisianum
584 2967 741 3044 exemplar
761 2970 851 3028 etiarn
873 2970 1066 3047 Mustoxydis
1088 2969 1278 3046 apographo,
1300 2988 1337 3028 ea
1355 2970 1522 3043 constitnit,
1544 2971 1657 3030 adscri-

326 3064 426 3122 benda
446 3076 531 3141 puto:

606 3174 651 3228 ΑΓ
652 3173 1344 3228 ΑΘΗΙΤΥΧΗΙΤΟΥΣΕΒΑΣΤΟΥΚΑΙΣΑΡΟΣΚ
1357 3213 1365 3229 .
1379 3213 1387 3230 .

607 3274 1340 3329 ΛΛΚΩΝΟΣΑΡΧΟΝΤΟΣΚΑΙΙΕΡΕΩΣΔΡΟΥξ0
1356 3314 1386 3331 ..

607 3374 1268 3432 ΕΚΚΛΗΣΙΑΕΠΙΤΗΣΕΝΑΤΗΣΠΡΥΤΑΝΕΙ
1282 3414 1290 3432 .
1304 3416 1332 3432 ..

607 3475 1286 3533 ΕΛΡΩΝΕΠΕὙΗΦΙΣΕΝΕΥΘΥΔΟΜΟΣΑΡΧ

549 3591 562 3627 s
604 3576 1263 3632 ΑΡΕΙΟΥΠΑΓΟΥΒΟΥΛΗΣΚΑΙΤΗΣΒΟΥ

648 3678 1270 3733 ΝΙΚΑΝΟΡΑΝΕΟΝΟΜΗΡΟΝΚΑΙΝΕΟΝ

647 3776 1184 3832 ΚΑΙΑΓΩΝΟΘΕΤΗΝΣΕΒΑΣΤΩΝΑ

646 3876 1209 3933 ΚΕΧΕΙΡΟΤΟΝΗΜΕΝΟΝΕΝΤΟΝΕ

646 3977 954 4032 ΣΙΝΗΝΕΣΨΕΝΤΙΟ

532 4092 558 4130 ιο
646 4077 829 4130 ΝΙΚΑΝΩΡΑ

323 4208 449 4268 Maximi
478 4212 620 4269 momenti
647 4230 684 4270 ea
709 4221 793 4285 sunt,
821 4230 898 4290 qnae
923 4211 1020 4289 primo
1041 4232 1131 4273 versu
1157 4215 1269 4294 scripta
1292 4216 1420 4294 legimus
1441 4213 1550 4299 ἀγαθῇ
1570 4212 1651 4302 τύχῃ

323 4312 374 4367 τοῦ
399 4302 561 4377 Σεβαστοῦ
586 4303 730 4394 Καίσαρος
750 4315 776 4368 Ι(
789 4350 875 4380 .....
903 4332 981 4391 quae
1007 4312 1208 4375 Neubauerus
1236 4318 1370 4395 suppleri
1398 4321 1463 4381 vult
1487 4316 1651 4402 Κ[λαυδιόυ

323 4401 452 4495 Νέρωνος.
496 4415 539 4471 At
560 4433 627 4471 cum
649 4413 727 4470 Nero
749 4412 839 4473 huius
860 4414 1050 4490 imperatoris
1067 4434 1240 4492 praenomen
1262 4420 1316 4490 sit,
1337 4429 1407 4496 post
1427 4440 1534 4482 nomen
1556 4425 1652 4502 genti·

324 4511 424 4569 licium
447 4514 518 4589 poni
541 4533 601 4571 non
624 4523 731 4590 potest.
768 4511 829 4574 Sed
851 4534 888 4574 ne
909 4516 1006 4574 omitti
1027 4517 1158 4593 quidem,
1179 4525 1213 4577 ut
1232 4518 1263 4576 in
1284 4528 1368 4597 patre
1384 4521 1516 4582 Nemnis
1531 4521 1650 4584 Claudii

323 4630 505 4686 praenomen
530 4615 659 4673 Tiberius
687 4615 842 4689 omittitur,
869 4619 980 4693 potuit,
1009 4638 1047 4676 ne
1067 4617 1150 4678 Nero
1176 4637 1243 4677 curn
1265 4629 1350 4699 patre
1371 4624 1602 4684 contunderetur
1612 4626 1650 4702 ¹).

324 4710 425 4784 Quare
452 4715 489 4773 ad
515 4712 667 4775 Neronem
692 4724 772 4776 certe
797 4717 902 4776 reterri
927 4738 987 4777 non
1012 4730 1120 4797 potest.
1166 4720 1262 4797 Atqui
1286 4720 1486 4784 Neubauerus
1514 4726 1651 4803 effecisse

323 4882 524 4895 ᾖ...

400 5002 423 5065 ¹)
451 5006 473 5055 Ε
493 5011 621 5059 contrario
640 5011 753 5062 Neronis
776 5026 870 5063 nomen
891 5012 986 5076 gentile
1005 5028 1189 5079 nonnunquam
1208 5016 1346 5079 omittitur,
1372 5024 1401 5067 ut
1416 5009 1477 5087 ’Eds
1497 5013 1561 5091 ἅρχ.
1575 5018 1649 5073 8544

321 5087 414 5159 Ilipam
434 5093 566 5160 Σεβαστῷ,
586 5099 613 5149 id
632 5101 700 5164 quod
720 5102 746 5151 in
766 5102 874 5154 Claudio
892 5118 1032 5167 numquam
1050 5104 1087 5154 dt.
