3480 5804
672 521 852 575 nausson.
877 521 1079 574 1111111111.
1462 505 1535 577 233

213 688 344 765 positum
371 698 426 748 est.
479 691 607 766 primum
637 692 728 770 igitur
761 697 906 753 restituere
936 701 966 753 et
996 695 1108 769 reficere
1141 695 1276 754 aedilicia
1310 696 1371 755 ullo
1406 697 1538 755 notionis

214 788 384 848 discrimine
406 792 527 851 differre
546 811 608 851 non
629 794 776 866 videntur,
800 794 831 852 id
852 795 933 870 quod
954 795 1086 853 maxime
1112 795 1191 855 curis
1214 796 1350 872 Capitolii
1373 798 1539 856 restituendi

214 888 251 946 de
266 907 325 964 qua
339 891 417 949 inira
431 891 563 953 dicemus
577 912 644 953 cum
657 895 843 953 triumvirum
856 897 974 959 oedibus
989 896 1145 970 reficiendis
1164 905 1194 954 et
1208 896 1434 972 quinquevirum
1448 901 1538 957 muris

213 992 394 1066 turribusque
414 993 569 1067 reficiendis
593 994 672 1069 (Liv.
694 993 742 1066 25,
764 994 796 1070 7)
812 990 938 1054 cordatis
960 1005 1092 1072 apparet.
1127 996 1179 1055 sed
1200 1015 1274 1056 usus
1296 998 1358 1057 lere
1379 1005 1537 1074 utrumque

211 1091 390 1149 vocabulum
411 1093 454 1151 ita
474 1094 625 1166 discrevit,
647 1102 680 1153 ut
701 1095 752 1174 qui
772 1095 914 1154 refectum
936 1097 1103 1155 aedificium
1124 1096 1296 1157 dedicarent
1315 1118 1376 1157 non
1396 1099 1537 1158 refecisse

211 1190 244 1248 id
265 1192 320 1249 sed
340 1193 506 1252 restituisse
528 1211 560 1252 se
581 1201 772 1268 testarentur,
793 1203 826 1254 ut
843 1205 990 1255 testantur
1011 1197 1127 1256 aedium
1149 1215 1300 1257 sacrarum
1321 1199 1411 1270 tituli,
1432 1208 1537 1258 contra

210 1291 309 1367 ipsam
336 1310 457 1369 operam
482 1295 514 1352 in
539 1295 721 1355 restituendo
746 1296 923 1355 collocatam
950 1297 1103 1356 reficiendi
1124 1298 1268 1357 vocabulo
1290 1300 1443 1376 appellare
1463 1300 1536 1358 mal·

210 1391 284 1463 lent,
306 1401 339 1450 ut
359 1394 431 1452 fecit
451 1395 517 1471 ipse
531 1395 687 1472 Augustus
707 1396 739 1455 iu
759 1416 858 1455 rerum
878 1405 1029 1472 gestarum
1049 1397 1156 1456 indice.
1191 1399 1273 1457 nullo
1289 1399 1381 1476 igitur
1394 1407 1537 1475 quantum

210 1492 331 1567 quidem
363 1494 498 1552 noverim
529 1495 640 1555 indicio
672 1497 883 1572 comprobatur
913 1497 1064 1556 reficiendi
1095 1517 1217 1575 operam
1242 1499 1322 1558 intra
1346 1502 1536 1578 angustiores

210 1609 300 1668 quam
326 1594 501 1653 restituendi
528 1595 603 1656 lines
631 1613 698 1656 sese
723 1598 884 1657 continere.
926 1598 978 1657 sed
1004 1616 1092 1674 quem
1114 1599 1152 1658 ad
1172 1599 1261 1658 finem
1281 1601 1341 1659 hoc
1360 1601 1537 1660 restituendi

211 1693 394 1752 reficiendivi
418 1712 526 1755 munus
547 1697 695 1771 pertineat
715 1708 797 1757 certo
819 1698 959 1773 exemplo
980 1696 1160 1775 Capitolium
1182 1709 1227 1758 ter
1250 1701 1418 1760 restitutum
1440 1702 1536 1772 docet,

211 1793 259 1851 bis
280 1794 324 1852 ita
344 1803 377 1853 ut
399 1798 434 1854 de
455 1797 518 1854 solo
537 1796 727 1856 reficiendum
740 1798 837 1857 616111.
870 1817 938 1857 uam
960 1808 990 1857 et
1005 1797 1042 1872 Q.
1059 1797 1200 1858 Catulum
1218 1798 1357 1878 Capitolii
1369 1804 1537 1860 restituendi

209 1905 368 1953 curatore-m
389 1894 487 1954 Varro
509 1903 636 1955 testatur
663 1897 756 1974 (apud
784 1895 863 1958 Gell.
886 1897 916 1969 2,
940 1898 993 1974 10)
1015 1918 1117 1958 aream
1139 1901 1241 1977 templi
1262 1910 1385 1977 propter
1405 1901 1536 1961 sarissas

209 2013 271 2053 uon
297 1996 432 2071 potuisse
460 1997 626 2073 deprimere
647 2004 678 2056 et
698 1997 811 2057 eisdem
835 1998 972 2075 vestigiis
994 2016 1054 2074 qua
1075 2007 1159 2059 vetus
1179 1999 1270 2059 fuerit
1294 2020 1404 2060 novam
1428 2001 1537 2061 fecisse

209 2094 378 2172 Dionysius
401 2096 444 2172 (4,
468 2096 522 2172 61)
551 2105 581 2155 61
600 2098 755 2157 columnas
776 2098 990 2176 materiamque
1011 2118 1129 2159 omnem
1150 2101 1279 2178 undique
1304 2103 1537 2179 magnificentis-

209 2196 316 2255 simam
338 2206 509 2272 asportasse
530 2197 590 2270 alii,
617 2216 743 2274 quorum
764 2199 936 2258 testimonia
956 2199 1114 2276 diligenter
1133 2200 1170 2258 L.
1193 2201 1229 2259 B.
1252 2199 1377 2278 Suphan
1403 2202 1456 2277 (de
1477 2201 1536 2261 Ca·

208 2296 315 2373 pitolio
335 2297 483 2369 Romano,
506 2297 579 2357 diss.
593 2296 734 2357 Hellensi
749 2317 776 2357 a.
795 2297 888 2374 1866)
911 2301 1088 2376 composuit.
1129 2317 1234 2359 rursus
1255 2302 1324 2376 ipsa
1343 2302 1537 2360 fundamenta

208 2405 309 2458 vetere
335 2396 432 2455 forma
459 2415 519 2455 non
545 2405 659 2458 mutata
683 2398 763 2458 iacta
788 2415 856 2458 essa
882 2399 921 2457 ab
942 2399 1013 2474 imp.
1036 2399 1236 2475 Vespasiano,
1262 2403 1314 2477 qui
1335 2420 1432 2461 curum
1453 2407 1536 2462 resti·

210 2499 308 2555 tuendi
333 2497 469 2573 Capitolii
498 2498 531 2556 in
555 2497 593 2557 1..
615 2497 775 2558 Vestinum
807 2499 954 2570 cotulerit,
987 2506 1090 2558 auctor
1116 2509 1163 2558 est
1189 2500 1314 2561 Tacitus
1340 2502 1409 2561 hist.
1432 2503 1462 2574 4,
1484 2504 1534 2562 53.

208 2599 313 2656 eodem
341 2598 430 2657 modo
458 2599 496 2658 ab
517 2597 694 2658 Domitiano
721 2618 792 2658 num
821 2603 980 2659 restitutum
1004 2597 1179 2676 Capitolium
1204 2601 1245 2659 sit
1271 2632 1310 2645 -
1337 2621 1407 2661 nam
1427 2604 1535 2662 1111111-

208 2697 350 2774 scriptum
376 2705 423 2758 est
443 2699 572 2758 nummis
593 2699 659 2759 eius
681 2731 720 2744 -
742 2700 925 2777 ignoramus.
968 2699 1029 2758 iam
1055 2699 1146 2759 aedes
1175 2718 1288 2774 sacras,
1314 2720 1391 2778 quae
1413 2703 1535 2779 quidem

207 2798 318 2874 templa
330 2799 449 2872 fuerint,
464 2800 507 2859 ita
520 2800 601 2859 iacta
622 2817 688 2859 esse
708 2807 835 2872 eonstat,
856 2807 889 2859 ut
909 2799 1080 2877 regionibus
1102 2802 1140 2860 ab
1159 2819 1269 2878 augure
1290 2803 1321 2861 in
1336 2803 1402 2862 solo
1416 2804 1535 2880 publico

207 2899 299 2958 finitis
320 2908 563 2960 consecrarentur
584 2919 603 2959 a
623 2900 824 2978 pontificibus,
846 2907 1036 2960 consecratae
1057 2900 1265 2961 dedicarentur
1278 2922 1297 2961 a
1311 2903 1536 2980 magistratibus

207 2999 289 3059 eisve
310 3001 361 3076 qui
382 3001 421 3058 ad
445 3003 477 3061 id
496 3002 596 3079 ipsum
616 3001 793 3061 nominatim
818 3000 911 3059 creati
936 3009 1053 3060 esseut:
1080 3020 1150 3060 nam
1175 3002 1219 3060 ita
1244 3001 1406 3078 loquuntur
1429 3003 1536 3064 Livius

207 3097 314 3160 Cicero
337 3101 401 3173 alii;
422 3119 482 3178 quo
502 3103 551 3162 die
572 3109 670 3162 autem
684 3102 838 3161 dedicatae
858 3109 960 3161 esseut
979 3119 1047 3160 eum
1066 3101 1166 3178 ipsum
1186 3107 1329 3178 tanquam
1343 3104 1473 3163 natalem
1486 3103 1536 3163 dei

207 3199 320 3259 domiui
341 3201 425 3260 aedis
447 3220 519 3261 suae
539 3205 571 3260 in
591 3203 688 3262 fastos
708 3203 835 3262 relatum
856 3220 949 3280 supra
968 3200 1107 3260 vidimus.
1139 3221 1195 3262 nee
1216 3203 1243 3261 si
1265 3221 1320 3278 pro
1338 3203 1534 3277 dedicatione,

207 3319 296 3377 quam
318 3301 442 3360 Verrius
463 3300 592 3360 Flaccus
616 3309 790 3361 constanter
816 3301 990 3373 nominavit,
1018 3300 1070 3359 alii
1091 3301 1184 3360 veluti
1205 3300 1315 3360 Festus
1336 3322 1365 3379 p.
1382 3302 1442 3362 257
1464 3322 1534 3364 eon·

150 3411 152 3415 ’
206 3401 403 3460 secretionem
425 3401 620 3475 substituunt,
650 3402 808 3479 quiequam
829 3399 867 3458 de
895 3418 928 3457 re
953 3399 1022 3475 ipsa
1046 3407 1178 3460 mutatur
1202 3408 1256 3459 aut
1281 3402 1408 3480 cogitari
1433 3411 1535 3481 potest

205 3501 244 3561 de
265 3501 489 3561 consecratione
513 3501 571 3561 soli
599 3519 689 3578 quam
716 3519 736 3559 a
756 3499 982 3559 consecratione
1008 3498 1138 3558 aedificii
1165 3499 1314 3559 diversam
1340 3519 1410 3562 esse
1435 3503 1534 3564 infeli·

205 3602 279 3661 citer
298 3601 488 3662 Luebbertus
519 3602 646 3661 secrevit
671 3618 707 3659 eo
733 3600 872 3678 exemplo
901 3615 976 3658 usus
1003 3598 1084 3675 quod
1114 3598 1196 3658 'inira
1227 3602 1429 3662 tractabimus.
1472 3621 1533 3662 uon

204 3703 302 3780 tetigit
322 3704 401 3762 banc
422 3722 487 3762 rem
505 3701 657 3762 Nisseuus
679 3701 841 3778 (Templum
860 3717 890 3776 p.
908 3698 967 3760 188
990 3699 1032 3776 6.)
1058 3717 1125 3758 oum
1146 3700 1224 3759 dixit
1242 3701 1393 3761 natalibus
1414 3701 1533 3762 aedium

204 3805 344 3884 regiones
369 3822 472 3863 aarum
498 3803 537 3862 sd
562 3803 637 3863 solis
665 3811 762 3862 ortum
795 3802 923 3860 directas
956 3817 1025 3860 esse
1056 3799 1240 3878 deorumque
1268 3802 1385 3863 natales
1412 3805 1533 3863 vocavit

203 3906 391 3964 conditarum
416 3904 534 3965 aedium
560 3904 675 3963 natales
696 3903 844 3963 vocabulo
870 3918 943 3961 usus
970 3901 1110 3978 ambiguo
1132 3901 1415 3980 (Gr-riuduuqatape).
1457 3905 1532 3964 haec

204 4006 366 4064 difficultas
392 4023 453 4065 uon
485 4005 572 4064 video
604 4023 664 4082 quo
696 4003 823 4064 artificio
854 4001 932 4062 solvi
963 4001 1062 4078 possit
1093 3999 1288 4079 (quamquam
1321 4004 1439 4064 solvere
1469 4022 1530 4064 non

204 4124 304 4164 meum
336 4106 395 4181 est)
427 4105 488 4164 nisi
519 4114 685 4165 statuamus
717 4121 754 4163 eo
784 4103 851 4178 ipse
882 4101 945 4174 dia,
981 4119 1041 4178 quo
1073 4102 1218 4178 templum
1249 4103 1360 4161 factum
1394 4104 1452 4163 hoo
1484 4113 1531 4164 est

205 4207 328 4265 effatum
374 4205 593 4281 liberatumque
632 4205 671 4262 ab
708 4202 871 4280 auguribus
912 4201 1110 4278 regionesque
1153 4201 1256 4260 linitae
1295 4211 1411 4274 essent,
1459 4212 1530 4279 post

203 4325 349 4366 annorum
371 4304 555 4380 singulorum
575 4303 743 4380 pluriumve
763 4302 923 4361 decursum
944 4299 1205 4370 aedesdedioatas
1226 4316 1303 4360 essa.
1346 4320 1382 4360 ao
1402 4318 1475 4360 sane
1496 4305 1529 4363 in

203 4406 327 4466 annales
353 4407 480 4465 relatum
508 4403 676 4464 invenimus
701 4402 780 4462 inter
804 4410 905 4462 votam
932 4409 1105 4476 coeptamva
1132 4407 1184 4459 aut
1208 4400 1338 4459 locatam
1366 4401 1470 4461 aedem
1491 4421 1528 4462 aa

203 4507 370 4566 dedicatam
390 4514 465 4582 quot
484 4522 631 4563 annorum
652 4503 784 4581 spatium
803 4500 981 4572 interfuerit,
1006 4499 1166 4576 atquibus
1188 4499 1292 4575 diebus
1316 4501 1380 4560 6611
1402 4511 1527 4580 coeptae
1606 4516 1608 4520 '

203 4608 265 4667 sint
292 4607 452 4666 admodum
478 4605 555 4664 raris
581 4610 611 4663 et
634 4603 695 4663 uisi
719 4603 792 4681 quid
812 4621 861 4661 ma
880 4600 992 4678 fugerit
1010 4600 1107 4659 tribus
1126 4600 1190 4658 iere
1209 4600 1356 4678 exemplis
1376 4602 1526 4679 proditum

202 4716 258 4768 est.
300 4725 377 4785 quae
405 4705 545 4782 exempla
569 4721 630 4763 uuo
655 4722 709 4762 ore
735 4704 867 4763 clamant
892 4701 1028 4761 diversos
1050 4717 1117 4760 esse
1138 4701 1274 4777 potuisse
1295 4701 1413 4761 natales
1435 4702 1461 4762 si
1481 4703 1525 4761 ita

202 4810 302 4869 dicere
322 4808 394 4866 licet
413 4813 566 4882 utrosque.
608 4804 737 4882 primum
762 4803 843 4863 enim
866 4821 949 4862 aram
969 4800 1059 4861 Pacis
1080 4801 1237 4880 Augustae
1259 4805 1436 4861 consumam
1456 4819 1525 4863 essa

202 4909 331 4969 (1161111.
353 4907 511 4979 tasso,
544 4907 702 4966 (1661661611
733 4904 782 4965 dia
812 4902 877 4962 Ian.
901 4903 940 4963 30
972 4921 1001 4961 a.
1023 4902 1084 4962 745
1115 4902 1188 4961 lasti
1218 4908 1374 4961 testantur.
1416 4902 1524 4964 deinde

203 5008 348 5087 Capitolii
361 5006 538 5069 restituendi
559 5025 652 5067 eausa
668 5024 739 5065 area
758 5005 886 5065 lustrata
906 5009 953 5065 est
973 5003 1011 5062 ab
1033 5003 1104 5079 imp.
1118 5000 1309 5078 Vespasiano
1330 5001 1379 5062 dia
1391 5001 1459 5062 Iun.
1482 5001 1520 5063 21

204 5109 292 5187 (Tac.
314 5112 344 5170 h.
365 5111 396 5184 4,
418 5110 483 5188 53),
508 5127 577 5170 cum
602 5107 731 5170 natalem
751 5106 840 5192 Iovis
860 5106 1010 5169 mansisse
1036 5103 1114 5164 diem
1143 5103 1179 5164 13
1202 5101 1286 5182 Sept.
1307 5121 1368 5164 non
1393 5102 1522 5166 dubitari
