3480 5804
479 503 777 558 oasuavaurouus
794 505 914 558 arros.
933 506 986 558 m.
1006 507 1056 558 rv.
1382 492 1428 563 77

100 679 164 755 nis)
185 677 302 755 aliquot
322 683 353 735 at
372 675 548 753 Hispanicis
569 675 716 734 Aliousus
737 674 864 736 Cestros
885 677 1040 754 Hispanus
1051 679 1095 755 ¹):
1117 679 1148 737 iu
1162 678 1289 742 Gallicis
1309 685 1430 760 quidam

100 779 263 840 canonicus
279 777 493 854 Lugdunensis
514 786 545 873 et
559 777 707 836 ldiuncius
729 786 815 853 pater
828 777 975 837 Tolosae:
997 780 1028 836 iu
1044 777 1232 841 Germanicis
1246 784 1431 862 Moguntinia

100 881 204 939 nasum
225 879 304 956 quis.
340 876 450 936 Fertur
472 875 618 954 Cyriacus
639 877 846 936 Anconitanus
867 877 1044 938 Latinorum
1063 879 1307 960 Graecorumque
1329 887 1432 946 huius-

101 980 185 1040 modi
209 980 458 1058 epigrammatum
486 977 628 1035 rolumen
655 977 829 1037 coniecisse.
872 978 958 1038 Ferri
985 999 1056 1039 vero
1081 1002 1141 1040 nou
1170 991 1271 1059 potest
1298 988 1430 1047 auctoris

100 1079 171 1141 libri
196 1079 302 1138 Italice
329 1079 435 1154 scripti
460 1078 547 1136 titulo
574 1077 870 1154 Hypnerotomachis
890 1079 1034 1157 Poliphili
1064 1083 1205 1157 audacia,
1236 1087 1288 1160 qui
1314 1096 1359 1146 tot
1386 1089 1432 1147 in-

102 1180 281 1259 scriptiones
301 1178 428 1238 Latinas
448 1186 479 1236 et
500 1176 634 1238 Graecas
655 1179 809 1238 confinxit
846 1179 1007 1240 Florianus
1029 1182 1181 1260 Ocampus
1203 1187 1255 1262 qui
1276 1187 1431 1248 historiam

100 1279 271 1357 Hispaniae
298 1280 431 1357 scripsit,
459 1279 566 1337 dicitur
594 1297 697 1338 omues
719 1280 887 1357 Hispaniae
908 1292 1024 1342 veteres
1050 1285 1259 1361 inscriptiones
1285 1289 1315 1346 in
1339 1309 1431 1349 uuum

102 1380 244 1439 volumen
269 1381 458 1457 congessisse
466 1378 496 1455 ²)
523 1388 554 1437 et
580 1380 624 1437 lo.
651 1381 820 1440 Aventinus
843 1384 935 1441 totius
958 1380 1156 1443 Germaniae’.
1199 1386 1243 1444 Et
1261 1400 1331 1463 post
1355 1391 1434 1450 ulio:

101 1477 178 1558 ‘Ego
198 1489 278 1540 cene
292 1482 346 1539 rix
365 1481 455 1539 fidem
477 1480 605 1538 adhibeo
626 1480 698 1553 illis,
720 1499 797 1557 quae
818 1483 881 1557 qui,
902 1491 1062 1560 postquam
1084 1485 1164 1544 edita
1184 1487 1313 1561 fuerunt,
1336 1509 1373 1548 ea
1393 1510 1432 1550 ex

101 1581 179 1659 ipsis
201 1582 287 1641 saxis
308 1582 456 1653 correxit,
481 1599 541 1639 non
563 1581 653 1652 vidit3
683 1583 812 1640 maxime
832 1583 942 1659 quibus
963 1585 1022 1643 loci
1044 1586 1200 1663 inscriptio
1221 1587 1314 1648 deest
1356 1591 1433 1651 Iuda

102 1681 181 1741 euim
208 1683 410 1741 coniecturam
435 1681 513 1740 facio
539 1682 619 1739 huuc
645 1682 754 1740 librum
784 1702 824 1741 ex
853 1683 994 1759 quopiam
1022 1687 1133 1744 recenti
1161 1687 1276 1762 codice,
1304 1709 1365 1749 uon
1392 1711 1432 1752 ex

100 1781 178 1859 ipsis
200 1783 285 1843 saxis
306 1783 505 1859 exscriptum:
531 1781 659 1841 furasse
680 1802 720 1842 ex
742 1781 889 1858 carpensi
909 1786 1012 1844 codice
1033 1795 1063 1844 et
1084 1787 1194 1862 altero,
1215 1799 1248 1847 ut
1268 1790 1432 1868 deprehen·
1499 1768 1502 1775 Ι

101 1878 218 1943 dimus’.

335 2250 391 2311 IV.
435 2250 721 2312 GRAMMATICA
741 2251 801 2311 EX
821 2250 948 2314 ACTIS
970 2250 1202 2316 ARVALIVM.

189 2394 379 2473 Quamquam
414 2398 637 2475 grammatistae
664 2397 704 2467 ii,
738 2397 790 2472 qui
818 2397 857 2455 ad
884 2397 1094 2475 inscriptiones
1121 2419 1240 2477 quoque
1268 2405 1434 2480 attendunt,

104 2499 235 2558 fortasse
260 2497 330 2575 plus
357 2496 458 2556 damni
477 2496 598 2556 Latinis
624 2497 733 2556 litteris
760 2497 924 2555 attulerunt
944 2517 1034 2574 quam
1056 2500 1193 2560 utilitatis
1223 2502 1334 2578 (solent
1355 2508 1434 2566 euim

103 2609 230 2678 propter
249 2598 441 2669 instrumenti
462 2598 645 2674 epigraphici
667 2598 867 2674 ignorantiam
887 2599 966 2658 male
987 2599 1065 2658 lecta
1086 2608 1116 2658 et
1134 2602 1254 2677 plebeia
1268 2613 1298 2663 et
1312 2608 1435 2666 omnino

104 2699 225 2760 inutilis
249 2699 438 2777 potissimum
462 2717 623 2774 excerpere
649 2708 679 2758 et
706 2707 739 2756 ut
764 2699 873 2756 medici
893 2699 1023 2776 imperiti
1044 2720 1151 2761 nocere
1171 2703 1248 2780 ipsis
1268 2707 1433 2783 remediis),

104 2819 178 2862 cura
205 2799 374 2862 adhibenda
401 2808 462 2872 est,
492 2818 529 2858 ne
554 2809 678 2877 propter
702 2817 804 2857 eorum
833 2818 950 2859 errores
976 2801 1203 2879 inscriptionum
1229 2804 1259 2861 iu
1287 2807 1434 2865 eiusmodi

104 2902 368 2980 disquisitionibus
390 2900 552 2959 auctoritas
574 2910 780 2958 contemnatur
801 2901 849 2959 vel
869 2900 1038 2960 infametur.
1077 2903 1114 2960 Id
1136 2911 1236 2963 autem
1257 2906 1289 2964 in
1310 2925 1346 2965 eo
1368 2927 1434 2966 rer·

104 3004 188 3076 titur,
210 3013 244 3063 ut
262 3003 391 3080 primum
412 3018 524 3078 genera
542 3001 773 3076 inscriptionum
794 3009 875 3060 recte
896 3003 1099 3076 aestimentur,
1121 3004 1152 3061 id
1171 3013 1218 3063 est
1231 3007 1350 3065 reiectis
1365 3007 1437 3067 titu-

104 3103 145 3163 lis
166 3102 317 3179 corruptis
338 3111 370 3162 et
389 3101 500 3172 dubiis,
522 3101 573 3177 qui
594 3101 626 3158 iu
647 3102 787 3160 omnibus
809 3102 949 3181 syllogis,
970 3104 1060 3162 etiam
1081 3106 1251 3165 recentibus
1265 3115 1295 3165 et
1309 3108 1346 3165 ad
1362 3109 1435 3169 artis

103 3203 188 3281 legas
207 3202 353 3280 expolitis
374 3201 528 3260 abundent
548 3218 672 3261 necesse
693 3209 741 3260 est
761 3202 845 3277 (uam
866 3202 898 3260 iu
919 3203 1082 3280 deperditis
1098 3205 1147 3263 vel
1168 3206 1220 3282 qui
1241 3218 1314 3266 sunt
1335 3226 1435 3268 acces·

105 3319 158 3363 sns
179 3302 359 3362 difficilioris
379 3302 544 3380 pendemus
566 3302 604 3360 ab
625 3301 795 3361 auctoribus
816 3302 993 3379 plerumque
1014 3322 1069 3362 nec
1090 3305 1169 3364 uotis
1191 3308 1267 3365 satis
1289 3326 1344 3365 uec
1361 3309 1435 3368 satis

103 3402 235 3483 peritis),
255 3403 308 3480 qui
328 3410 444 3461 restant
462 3402 600 3461 lectionis
622 3410 720 3460 certae
739 3410 769 3460 et
783 3403 957 3478 exploratae
972 3404 1009 3461 ad
1025 3422 1135 3481 genera
1149 3416 1321 3482 aetatesque
1336 3407 1434 3467 distri-

105 3505 246 3565 buantur.
284 3501 366 3563 Nam
388 3502 450 3562 alia
469 3504 548 3562 ratio
569 3509 616 3561 est
636 3502 859 3578 auctoritasque
880 3503 1001 3561 diversa
1020 3504 1174 3563 titulorum
1195 3506 1385 3582 publicorum
1407 3519 1437 3567 et

103 3605 300 3683 privatorum,
314 3603 495 3662 urbanorum
509 3612 540 3661 et
549 3595 723 3662 Italicorum
737 3613 767 3661 et
780 3602 1018 3678 provincialium,
1032 3605 1234 3682 profectorum
1250 3607 1434 3666 anobilibus

105 3704 291 3781 eruditisque
318 3703 488 3762 hominibus
515 3711 545 3761 et
570 3703 773 3781 plebeiorum,
801 3704 833 3761 in
858 3704 906 3761 his
934 3704 1024 3783 louge
1051 3705 1170 3764 diversa
1194 3725 1300 3766 rursus
1322 3725 1436 3782 eorum,

105 3822 185 3884 quos
207 3804 395 3864 dictaverunt
415 3804 551 3862 homines
572 3822 612 3862 ex
634 3803 719 3880 plebe
741 3805 855 3862 urbana
869 3803 1062 3865 Graecanicis
1084 3813 1116 3865 ut
1136 3809 1269 3866 moribus
1290 3807 1332 3867 ita
1352 3809 1435 3868 locu·

106 3906 240 3967 tlonibus
261 3905 371 3964 affecta
390 3922 526 3980 quosque
547 3904 649 3963 rustici
670 3905 701 3962 in
716 3904 795 3963 villis
818 3905 1002 3981 saltibusque
1016 3907 1124 3965 Italiae
1138 3907 1279 3984 degentes
1293 3908 1343 3966 vel
1357 3927 1438 3967 cam·

106 4016 225 4087 pestras
245 4005 370 4065 litterati
384 4004 431 4063 vel
453 4005 647 4064 semibarbari
661 4005 693 4063 in
707 4006 869 4081 provinciis
885 4008 1008 4065 remotis
1022 4007 1071 4066 rel
1086 4008 1175 4066 etiam
1191 4006 1326 4067 Graecae
1340 4011 1435 4086 partia

112 4107 231 4185 imperii
257 4106 409 4177 homines,
436 4106 489 4181 qui
508 4103 609 4164 Latini
636 4106 782 4164 sermonis
805 4107 852 4164 ius
873 4109 970 4182 magis
992 4125 1083 4182 quam
1105 4125 1192 4165 usum
1213 4109 1436 4186 impetrassent,

106 4206 283 4267 incidendos
304 4212 493 4265 curaverunt.
528 4204 668 4281 Denique
690 4224 759 4264 cum
780 4205 859 4263 tituli
872 4205 974 4264 Latini
996 4208 1067 4265 anui
1087 4209 1159 4266 certi
1175 4217 1247 4265 uota
1260 4209 1437 4284 plerumque

108 4306 310 4368 destituantur
331 4314 361 4364 et
381 4305 559 4383 saepissime
580 4306 610 4364 in
633 4324 669 4365 eo
690 4290 942 4382 adquiescendum
965 4307 1018 4378 sit,
1044 4314 1078 4365 ut
1098 4307 1202 4365 titulos
1225 4315 1294 4365 aute
1314 4307 1438 4366 Diocle·

108 4409 223 4468 tisuum
248 4408 378 4485 scriptos
404 4425 424 4464 a
449 4405 562 4465 saeculi
590 4407 689 4482 quarti
715 4416 745 4465 et
770 4406 910 4483 deinceps
930 4408 1130 4466 monumentis
1152 4424 1274 4483 separes
1295 4407 1378 4482 (uam
1399 4406 1438 4465 ad

108 4524 162 4568 eos
176 4506 252 4567 flues
265 4507 355 4585 louge
368 4507 490 4585 plurimi
504 4515 586 4566 certo
599 4506 694 4586 redigi
708 4507 861 4584 possunt),
879 4525 952 4566 cura
965 4507 1135 4565 adhibenda
1149 4517 1204 4577 est,
1226 4517 1259 4565 ut
1272 4526 1310 4564 ex
1324 4506 1439 4583 ingenti

107 4608 198 4669 turba
218 4626 346 4687 corpora
366 4607 512 4684 quaedam
533 4607 659 4686 deligas,
679 4627 757 4686 quac
778 4617 808 4666 et
822 4615 948 4665 aetatem
964 4606 1093 4665 habeant
1106 4606 1259 4667 definitam
1272 4614 1303 4666 et
1317 4616 1440 4683 propter

108 4708 255 4786 originem
281 4716 547 4786 argumentumque
571 4718 652 4768 recta
679 4718 710 4768 et
736 4715 806 4784 apta
834 4709 912 4766 iuter
939 4725 972 4766 se
1001 4713 1218 4783 comparentur.
1261 4707 1309 4765 Ita
1334 4723 1439 4783 proce-

109 4807 248 4869 dentibus
273 4807 334 4868 duo
354 4809 527 4886 contingent
547 4827 690 4887 perquam
711 4809 869 4886 optabilia,
897 4808 1026 4885 primum
1049 4817 1081 4866 ut
1102 4806 1132 4864 iu
1154 4805 1253 4866 locum
1274 4807 1439 4884 ingentium

186 5016 212 5082 ¹)
239 5017 569 5082 V.Husbuer11p.1X.

185 5104 212 5171 ²)
238 5108 274 5161 V.
292 5108 510 5175 tridentum
