3480 5804
687 1251 1144 1364 ADDITAMENTA

568 1449 644 1530 An
674 1449 881 1533 sessos
909 1451 1040 1532 num
1067 1425 1267 1533 iveram

727 1601 802 1675 (vol.
819 1601 834 1658 1
856 1622 885 1678 p.
903 1599 1100 1676 sse-412).

338 2069 500 2130 Fastorum
533 2071 604 2129 anni
632 2071 742 2130 Iuliani
772 2090 850 2147 quae
882 2072 1056 2131 tenebamus
1085 2071 1272 2148 exemplaria
1300 2083 1389 2132 aucta
1415 2085 1484 2134 sunt
1511 2095 1582 2148 uno,

255 2190 360 2249 nempe
386 2189 423 2230 eo
448 2171 530 2247 quod
558 2171 768 2231 effossionibus
794 2174 825 2230 in
851 2173 919 2231 luco
945 2171 1018 2231 deae
1046 2171 1124 2230 Diae
1152 2174 1246 2231 nostri
1273 2175 1354 2250 regis
1382 2175 1468 2234 iussu
1497 2179 1582 2236 insti·

251 2267 327 2330 ‘tutis
353 2289 406 2346 per
432 2289 459 2329 a.
480 2271 559 2330 1867
580 2279 609 2330 et
630 2271 708 2331 1888
735 2274 813 2331 inter
839 2281 972 2330 actorum
999 2272 1156 2330 Arvalium
1183 2273 1324 2348 reliquias
1351 2284 1501 2350 repertum
1528 2287 1582 2349 est,

254 2372 366 2449 publici
388 2381 489 2431 antem
510 2372 585 2430 iuris
606 2371 717 2429 factum
738 2373 776 2430 ab
799 2371 944 2431 Heuzeno
964 2373 995 2429 in
1017 2371 1162 2429 relatione
1184 2372 1221 2430 de
1242 2372 1349 2431 iisdem
1369 2373 1582 2435 effossionibus

254 2472 335 2530 edita
355 2471 470 2531 Romae
494 2492 521 2531 a.
537 2472 615 2531 1868
641 2490 670 2547 p.
687 2472 829 2530 84-93.
872 2471 939 2530 Nos
968 2471 1131 2530 secundnm
1157 2473 1247 2530 huius
1273 2474 1472 2548 ephemeridis
1498 2477 1583 2533 iusti-

254 2581 350 2630 tutum
371 2583 524 2631 reservata
544 2573 639 2649 ipsius
660 2572 781 2631 tabulae
802 2572 1078 2647 repraesentatione
1099 2573 1236 2649 corporis
1254 2574 1456 2633 voluminibus
1478 2584 1584 2650 postea

254 2671 418 2749 prodituris
445 2673 562 2732 interim
588 2673 750 2731 referemus
777 2689 973 2757 quaecunque¹
998 2673 1029 2730 in
1052 2672 1186 2747 reliquiis
1205 2672 1242 2730 iis
1265 2674 1455 2732 continentur
1475 2677 1518 2733 ita
1540 2678 1583 2734 di·

254 2783 350 2848 gesta,
372 2783 406 2831 ut
427 2774 606 2851 digessimus
627 2774 657 2830 iu
680 2773 777 2848 primo
800 2772 951 2831 volumine
972 2771 1158 2848 exemplaria
1179 2791 1215 2830 eo
1237 2781 1370 2848 tempore
1391 2782 1470 2833 nota

338 2871 549 2950 inscriptionis
571 2890 630 2931 uno
645 2890 734 2930 versu
755 2873 895 2931 maximis
917 2873 1023 2932 litteris
1039 2873 1168 2949 scriptae
1182 2874 1331 2950 particula
1345 2885 1482 2952 superest
1497 2877 1582 2936 haec:

422 3007 511 3081 (aaut
524 3025 606 3066 uenas
619 3034 636 3065 ο.
652 3007 701 3082 37)
726 2991 791 3098 sris·
806 3024 874 3066 raso
889 3037 896 3051 ·
913 3023 987 3065 saar
1001 3036 1008 3052 ·
1023 2980 1133 3100 srvat}
1150 3007 1241 3082 (aare
1253 3026 1338 3067 tremas
1352 3037 1370 3068 e.
1386 3010 1416 3085 5)

255 3144 392 3220 Apparet
418 3143 594 3218 magistrum
621 3141 750 3219 aliquem
778 3142 897 3220 collegii
923 3160 975 3200 eos
1002 3142 1098 3200 fastos
1124 3143 1154 3199 in
1181 3143 1250 3201 luco
1280 3161 1366 3202 sacro
1388 3147 1584 3222 proposuisse

255 3242 353 3318 iisque
374 3260 482 3302 nornen
503 3243 743 3320 praescripsisse.
780 3240 841 3315 Qui
862 3261 928 3301 curn
951 3241 1158 3318 [r]mp(erutor)
1181 3243 1360 3318 appelletur,
1381 3255 1462 3303 recte
1483 3247 1584 3306 obser·

256 3343 338 3400 revit
359 3341 518 3402 Henaenus
544 3344 593 3400 hic
618 3362 677 3401 non
704 3344 869 3420 significari
895 3344 1102 3418 imperatorem
1130 3343 1182 3418 qui
1208 3342 1297 3402 rebus
1323 3356 1489 3419 praeessem
1515 3365 1585 3406 nam

256 3444 399 3502 extremis
430 3445 518 3502 annis
543 3444 686 3521 Augusti,
718 3460 777 3518 quo
808 3452 940 3517 tempore
970 3442 1064 3500 fastos
1094 3443 1150 3500 hos
1179 3443 1308 3519 scriptos
1336 3461 1403 3501 esse
1430 3463 1502 3502 mox
1534 3447 1584 3504 de·

256 3543 504 3614 monstrabimus,
533 3563 630 3644 neqpc
656 3542 784 3620 Augusti
811 3560 907 3617 neque
931 3541 1047 3600 Tiberii
1077 3559 1185 3600 nomeu
1212 3543 1243 3599 in
1270 3547 1337 3617 imp.
1366 3543 1477 3602 nudum
1506 3546 1583 3604 desi-

256 3662 327 3702 nere
352 3645 458 3720 potuit.
495 3643 619 3703 Nummi
640 3654 719 3702 certe
740 3642 917 3718 lapidesque
938 3643 1016 3701 inter
1036 3642 1166 3699 honores
1188 3643 1318 3720 Augusti
1340 3654 1371 3702 et
1392 3644 1508 3703 Tiberii
1529 3646 1584 3703 im·

257 3745 439 3820 paratorium
467 3763 536 3804 raro
563 3745 669 3802 ultimo
697 3744 762 3801 loco
789 3743 939 3801 collocant
959 3760 1056 3818 neque
1077 3743 1244 3801 iterationis
1263 3744 1475 3803 indicationem
1497 3748 1584 3804 omit·

257 3855 319 3903 tere
348 3844 456 3903 solent.
505 3844 569 3902 lam
602 3863 670 3903 eum
698 3846 855 3921 Augustus
887 3851 956 3919 post
985 3862 1048 3902 rem
1076 3842 1225 3920 publicam
1253 3847 1447 3904 constitutam
1473 3865 1501 3904 a.
1525 3845 1583 3904 727

256 3944 446 4021 imperaturis
473 3944 615 4002 honorem
642 3954 764 4021 propter
789 3944 890 4021 ipsum
915 3963 1022 4002 nomeu
1048 3943 1228 4002 invidiosum
1250 3954 1280 4003 et
1300 3947 1502 4022 periculosum
1523 3966 1585 4005 nou

258 4045 419 4104 concedere
445 4045 556 4102 soleret
583 4045 640 4102 nisi
662 4045 799 4119 proxime
821 4045 986 4102 coniunctis
1008 4063 1076 4102 cum
1097 4044 1186 4103 domo
1206 4045 1413 4121 imperatoria,
1441 4067 1501 4106 nou
1522 4065 1584 4105 cre·

257 4145 381 4205 diderim
403 4145 497 4203 ullum
519 4164 554 4203 eo
576 4155 709 4220 tempore
731 4145 761 4203 in
781 4145 858 4203 vivis
880 4145 974 4202 tuisse
995 4145 1184 4218 imperatoris
1205 4146 1317 4206 honore
1340 4158 1477 4206 ornatum
1500 4165 1585 4223 prae·

258 4257 303 4304 ter
329 4247 413 4321 ipsos
439 4245 525 4318 illos,
554 4245 606 4320 qui
635 4246 723 4303 rebus
752 4255 924 4319 praeerant,
952 4251 982 4301 et
1009 4241 1221 4302 Germanicum
1248 4247 1457 4321 imperatorem
1483 4248 1584 4323 appel-

257 4346 351 4405 latum
372 4347 435 4416 his,
463 4363 589 4420 quarum
611 4345 857 4402 acclamationem
878 4345 974 4402 altera
994 4344 1057 4400 sive
1079 4345 1162 4418 prior
1184 4345 1247 4402 sive
1267 4348 1417 4421 posterior
1436 4347 1518 4404 facta
1540 4356 1586 4404 est

257 4465 337 4505 anno
352 4464 380 4521 p.
397 4443 469 4504 Chr.
489 4447 526 4502 14
547 4445 654 4520 paucis
675 4453 745 4522 post
766 4446 896 4522 Augusti
922 4461 1080 4502 excessum
1102 4444 1255 4502 mensibus
1277 4445 1364 4520 (Tac.
1387 4464 1456 4504 ann.
1478 4449 1504 4518 l,
1521 4444 1584 4520 58).

258 4546 396 4606 Eundem
422 4548 453 4604 iu
475 4545 634 4623 collegium
660 4546 785 4603 fratrum
806 4545 962 4602 Arvalium
984 4544 1051 4600 vivo
1074 4544 1229 4601 etiamtum
1250 4548 1388 4622 Augusto
1415 4554 1585 4622 cooptatum

258 4664 326 4706 esse
348 4657 417 4706 acta
442 4646 604 4704 ostendunt
629 4647 699 4703 anni
722 4665 750 4720 p.
767 4643 837 4704 Chr.
857 4646 908 4714 14,
935 4661 1114 4720 quamquam
1136 4644 1211 4700 miro
1234 4662 1333 4703 errore
1353 4647 1500 4706 Marinius
1522 4649 1586 4705 eius

257 4767 367 4806 nomen
387 4748 431 4806 ita
451 4766 510 4805 non
532 4747 663 4822 agnovit,
686 4755 719 4802 ut
740 4745 905 4803 inauditum
926 4745 996 4802 inde
1011 4743 1126 4802 Tiberii
1147 4760 1294 4820 agnomen
1309 4745 1448 4804 effecerit.
1486 4745 1586 4820 Quare

257 4849 389 4908 fortasse
418 4867 479 4906 non
505 4847 630 4919 errabit,
658 4847 710 4921 qui
737 4846 881 4904 extremis
899 4838 1038 4921 ¹Augusti
1064 4843 1151 4901 aunis
1177 4844 1294 4920 ipsique
1322 4845 1503 4907 Germanico
1532 4851 1587 4907 hos

258 4949 355 5009 t'astus
382 4948 493 5007 tribuit.
541 4946 746 5024 Excipiendus
774 4956 872 5004 tamen
898 4954 944 5004 est
970 4945 1096 5020 Augusti
1122 4953 1292 5020 postremus
1314 4969 1344 5025 p.
1360 4947 1432 5008 Chr.
1451 4950 1503 5019 14,
1529 4967 1588 5024 quo

260 5069 339 5110 annu
373 5049 464 5107 alium
493 5049 669 5124 magistrum
698 5047 825 5125 collegio
852 5047 1020 5124 praefuisse
1046 5065 1086 5104 ex
1114 5047 1188 5104 actis
1218 5048 1306 5106 modo
1335 5050 1434 5108 citatis
1462 5057 1589 5109 constat.

1343 5151 1360 5207 3
