3480 5804
418 490 492 560 240
797 507 941 561 nornen
967 506 1150 559 uananon.
1177 502 1380 557 snvsnwu.

500 677 580 739 Nam
596 713 634 722 -
649 691 683 738 ut
703 698 782 738 nnnc
804 679 924 739 taudem
943 678 1062 739 redeam
1080 679 1118 738 ad
1131 687 1268 737 naturam
1280 676 1370 735 huius
1385 675 1462 734 sacri
1476 673 1702 752 explicandam

417 797 505 840 sacra
518 779 656 839 Volcano
677 780 708 838 in
729 781 860 853 comitio,
883 778 1009 854 Quirino
1030 780 1063 838 in
1083 779 1158 838 colle
1179 797 1238 837 uno
1253 778 1309 865 ¹die
1328 777 1410 836 iacta
1430 794 1622 854 nequaquam
1647 774 1734 834 md·

417 886 466 938 tur
496 880 580 939 nulla
610 881 765 957 religionis
796 881 1005 940 communione
1036 897 1105 940 esse
1135 880 1301 938 coniuncta
1355 877 1525 938 memineris
1557 877 1593 936 in
1624 876 1736 937 comiti

416 980 528 1040 factum
553 982 653 1056 putari
679 981 784 1042 ioedns
809 983 886 1041 inter
910 980 1071 1040 Romulum
1096 988 1127 1040 et
1148 980 1251 1039 Titum
1271 979 1403 1051 Tatium,
1429 995 1490 1054 qno
1516 977 1579 1038 icto
1605 985 1686 1037 nuta
1714 996 1730 1037 s

417 1098 466 1140 res
491 1080 612 1158 publica
638 1082 742 1158 populi
768 1083 897 1142 Romani
925 1081 1101 1157 Qniritium
1133 1083 1165 1140 in
1191 1081 1332 1157 contigua
1356 1079 1486 1139 Volcani
1511 1096 1585 1138 area
1610 1077 1734 1138 eiusde

417 1181 521 1257 populi
543 1190 678 1241 sonatum
699 1184 827 1258 primum
848 1184 957 1256 coisse,
984 1183 1140 1243 dedicasse
1161 1181 1323 1240 Romulum
1344 1181 1438 1240 lotum
1459 1197 1649 1257 aequaeuam
1672 1180 1740 1239 urbi

418 1290 452 1340 ut
472 1282 619 1359 quidquid
640 1286 780 1344 statueris
803 1285 840 1343 de
854 1283 983 1343 Volcani
1002 1283 1134 1342 numinis
1155 1282 1323 1360 origine-
1344 1299 1441 1359 neque
1461 1298 1533 1340 vero
1553 1281 1659 1341 solam
1682 1300 1712 1342 e·
1729 1312 1740 1333 n

416 1382 622 1443 incendiorum
649 1385 846 1444 arcendorum
871 1402 974 1444 curam
999 1383 1170 1461 suscepisse
1197 1389 1310 1443 certum
1331 1388 1379 1442 est
1400 1412 1440 1427 ··-
1464 1381 1556 1440 ferias
1584 1383 1655 1442 eins
1692 1412 1715 1435 ν

418 1481 544 1543 tinuisse
569 1485 608 1544 ad
633 1487 811 1545 celebranda
830 1485 1029 1544 Romulianae
1054 1485 1099 1543 rei
1124 1484 1261 1560 publicae
1287 1484 1373 1543 initia
1400 1483 1476 1543 sutis
1501 1482 1533 1543 in
1560 1492 1673 1560 aperto
1700 1485 1740 1545 si

417 1583 503 1660 utqui
522 1588 695 1663 Angustum
717 1588 841 1646 alterius
863 1586 986 1645 Romuli
1007 1602 1167 1661 personum
1191 1584 1328 1643 induisse
1351 1592 1454 1643 notum
1475 1591 1523 1644 est
1547 1582 1600 1659 (cl.
1621 1584 1740 1645 Rubin

424 1683 673 1763 Ualersccinnqen
690 1690 716 1760 1,
734 1687 822 1763 104):
844 1706 933 1764 quem
953 1705 1020 1746 cum
1042 1703 1121 1745 anno
1136 1684 1196 1744 738
1219 1685 1281 1743 divi
1295 1684 1417 1744 Romuli
1438 1685 1542 1744 aedem
1562 1684 1694 1746 restitue
1717 1714 1740 1731 ·1

417 1784 491 1860 quid
515 1787 613 1862 magis
633 1795 866 1847 consentaneum
888 1805 978 1864 quam
1001 1804 1088 1846 sacra
1108 1786 1173 1845 fieri
1197 1785 1235 1844 ud
1256 1804 1323 1845 eam
1343 1784 1471 1845 iussisse
1491 1804 1527 1844 eo
1548 1785 1609 1858 die,
1631 1803 1698 1862 quo
1738 1818 1740 1838 .

419 1884 540 1943 comitio
567 1887 674 1946 fierent
694 1886 830 1946 Volcano
852 1887 991 1946 conditae
1011 1886 1096 1945 urbis
1117 1885 1206 1944 testi?
1241 1893 1272 1945 et
1292 1894 1409 1945 constat
1428 1885 1588 1946 Arvalium
1608 1886 1704 1946 hem
1725 1916 1729 1936 ·

419 1983 533 2061 logium
558 1994 629 2061 post
649 2006 677 2045 a.
701 1985 759 2045 738
783 1987 950 2046 confectum
971 2004 1049 2047 esse.
1092 1994 1246 2064 praeterea
1270 1985 1373 2046 nescio
1404 2006 1444 2046 an
1461 1986 1575 2047 nullius
1602 2005 1740 2049 momen

420 2083 461 2143 sit
481 2084 519 2142 ad
540 2084 618 2145 hanc
639 2084 758 2161 Quirini
779 2093 809 2145 et
826 2086 956 2146 Volcani
977 2088 1214 2146 coniunctionem
1235 2087 1421 2163 probandam
1442 2087 1524 2163 quod
1544 2085 1603 2147 Gn.
1616 2087 1725 2149 Flavi

420 2203 512 2261 supra
533 2186 684 2245 comitium
704 2187 735 2246 in
758 2186 954 2247 Graecostasi
979 2187 1043 2247 sive
1069 2189 1101 2247 in
1121 2187 1247 2247 Volcani
1268 2206 1339 2247 urea
1359 2185 1547 2271 Concordiae
1566 2189 1679 2250 mem
1700 2189 1736 2250 d·-

419 2286 573 2358 dicaverit,
594 2286 734 2363 qnodque
754 2298 824 2349 ants
847 2286 966 2362 Quirini
987 2288 1129 2364 templum
1150 2289 1240 2365 myrti
1261 2306 1366 2348 sacrae
1386 2289 1482 2348 ultera
1500 2289 1630 2367 patricia
1651 2291 1686 2350 al
1707 2320 1718 2343 a

420 2387 540 2464 plebeia
559 2388 709 2447 steterint:
741 2392 815 2448 inter
835 2393 1035 2467 antiquissima
1056 2407 1177 2466 namquo
1197 2389 1315 2448 delubra
1335 2388 1454 2448 iubetur
1476 2387 1604 2462 Quirini,
1630 2390 1691 2452 hcc
1717 2435 1721 2442 ,

419 2490 512 2564 apcius
526 2487 642 2546 Romuli
662 2507 688 2547 e.
703 2508 733 2565 q.
748 2507 772 2549 s.
795 2489 889 2566 (Plin.
907 2491 955 2562 15,
973 2489 1056 2566 120).
1088 2489 1197 2567 quodsi
1217 2489 1349 2566 Augusti
1371 2489 1457 2549 iussn
1478 2506 1598 2548 sucrum
1611 2489 1693 2550 illud
1706 2493 1739 2552 in

420 2589 556 2648 stitutum
570 2596 625 2660 est,
639 2588 708 2649 inde
721 2607 782 2648 non
797 2592 941 2668 seqnitur,
961 2599 995 2650 ut
1006 2591 1147 2650 reiectam
1160 2589 1238 2650 hanc
1252 2589 1356 2649 aedem
1370 2589 1474 2650 eodem
1488 2589 1536 2650 die
1549 2589 1740 2653 dedicaveri

420 2690 464 2748 sic
491 2707 581 2765 posse
608 2690 757 2766 explicari
783 2691 841 2750 tria
866 2690 985 2767 Quirini
1012 2709 1098 2751 sacra
1124 2691 1155 2748 in
1182 2691 1269 2750 fastis
1296 2691 1439 2750 adnotata
1464 2709 1551 2750 nemo
1578 2694 1740 2771 negaveri

420 2788 527 2849 debere
552 2790 675 2849 minime
701 2792 858 2851 contendo.
906 2802 939 2851 ut
963 2791 1111 2851 contendo
1139 2810 1177 2849 ne
1202 2790 1251 2851 his
1277 2791 1397 2866 quidem
1423 2792 1517 2852 sacris
1545 2791 1693 2853 demone
1715 2828 1740 2850 2.

419 2899 540 2965 praeter
557 2890 634 2947 illud
655 2891 799 2950 sacellum
820 2892 922 2968 plures
943 2893 1040 2952 fnisse
1062 2891 1180 2967 Quirini
1200 2892 1232 2950 in
1252 2891 1329 2952 colle
1350 2891 1449 2965 sedes,
1480 2891 1584 2971 plnres
1612 2892 1700 2953 sin·

420 3006 488 3046 rum
509 2989 627 3048 aedium
647 2991 771 3064 natales,
799 2993 888 3069 idque
914 3009 1004 3070 spero
1030 2995 1086 3054 hac
1110 3012 1177 3055 mea
1198 2992 1399 3075 disputatione
1419 2991 1660 3056 dubitationibus

420 3095 600 3165 exemptum.
