3480 5804
664 505 713 555 nn
740 503 883 556 munus
909 503 1065 556 snmus.
1449 485 1522 556 253

202 669 354 729 literaess
381 688 449 731 esse
470 683 581 748 potest,
608 693 705 752 neque
733 677 862 753 spatium
891 674 1010 733 suffieit.
1038 707 1079 716 —
1107 671 1206 746 Quum
1229 674 1358 733 honores
1380 676 1412 733 in
1434 675 1523 736 titulo

201 771 304 829 Attico
332 771 451 846 (eontra
482 780 571 850 etque
603 777 635 833 in
663 775 837 852 Tiburtino)
868 775 912 833 its
938 774 1094 852 perscripti
1120 774 1195 846 sint,
1228 782 1260 833 ut
1286 793 1305 833 o
1332 775 1456 834 minimo
1484 776 1523 835 ad

202 872 333 930 maiores
359 873 548 945 ostendatur,
580 894 677 952 neque
701 885 825 953 propter
855 875 966 952 lepidis
994 875 1210 934 mutilationem
1235 875 1390 934 diiudicari
1415 876 1524 954 possit,

201 990 291 1048 quem
312 972 408 1031 multu
427 973 517 1033 etiam
535 984 605 1051 post
624 975 804 1052 legationem
818 977 992 1036 Africanum
1014 975 1127 1052 som'ptn
1146 973 1267 1046 fuerint,
1288 975 1411 1034 dubium
1432 976 1526 1035 videri

202 1072 313 1149 possit,
341 1079 439 1132 utrum
464 1092 568 1135 omnes
594 1077 724 1137 honores
745 1077 874 1136 maiores
894 1077 955 1135 ium
976 1077 1008 1134 in
1028 1078 1087 1135 hoo
1107 1076 1196 1135 titulo
1217 1077 1382 1135 enumerati
1403 1077 1524 1148 fuerint,

203 1189 242 1229 an
268 1173 295 1230 is
322 1171 480 1232 Tiburtino
506 1175 560 1234 illo
587 1176 741 1253 aliquanto
770 1177 922 1254 antiquior
947 1177 996 1236 sit
1040 1174 1129 1250 Quod
1154 1184 1253 1235 temen
1279 1176 1456 1236 diiudicatur
1483 1196 1524 1237 ex

202 1292 230 1330 v.
254 1272 283 1343 7,
304 1272 356 1331 ubi
376 1268 470 1350 920]o“
488 1269 639 1359 Ἀδριανοῦ
658 1278 802 1354 seriptum
823 1278 912 1336 luerit
925 1295 1048 1336 neeesse
1069 1286 1124 1336 est.
1156 1277 1264 1354 Iteque
1284 1275 1441 1336 duodecim
1462 1279 1525 1338 lere

152 1443 155 1448 Ι
203 1379 255 1430 unt
276 1373 365 1432 etism
386 1374 522 1450 pluribus
549 1377 635 1436 suuis
656 1387 725 1455 post
750 1379 937 1437 consulatum
959 1378 1025 1454 (qui
1045 1379 1108 1438 fere
1132 1380 1164 1438 in
1185 1398 1297 1439 annum
1321 1379 1379 1439 127
1401 1398 1431 1456 p.
1453 1377 1526 1438 cnr.

202 1471 319 1546 incidit)
340 1473 444 1533 titulus
458 1475 613 1535 dedicatus
635 1487 691 1549 est,
711 1497 873 1556 omnesque
893 1479 984 1539 iidem
999 1480 1194 1558 honoresqni
1210 1481 1241 1540 iu
1256 1481 1415 1540 Tiburtino
1437 1481 1527 1540 etiam

203 1573 234 1631 in
255 1573 312 1632 hoo
333 1574 437 1649 scripti
458 1575 555 1635 fnisse
575 1577 721 1636 videntur.

288 1675 336 1732 11.
362 1673 453 1736 Bssis
473 1675 594 1736 invente
613 1677 645 1735 in
666 1677 867 1738 Parthenone.
910 1679 967 1740 Ed.
988 1680 1120 1741 Pittnkis
1139 1677 1206 1756 'Ep
1228 1677 1302 1766 ᾰρχ.
1325 1681 1396 1743 781.

745 1920 909 1975 ΓΑΙΟΝΜΑ

703 2119 985 2177 ΚΑΙΣΑΡΟΣΣΕΙΙΙΙΙ

702 2219 982 2278 ΑΡΕΤΗΣΕΝΕΙΙΙΙΙ

287 2450 324 2509 In
345 2451 403 2509 hoo
423 2451 510 2509 titulo
531 2451 717 2510 restituendo
737 2452 768 2510 id
789 2470 880 2511 unum
900 2453 1045 2511 incertum
1065 2451 1160 2510 videri
1181 2458 1290 2528 potest,
1311 2451 1400 2526 quale
1420 2469 1527 2510 nomen

203 2551 313 2628 gentile
327 2571 356 2608 v.
373 2550 390 2607 2
406 2551 576 2627 ponendum
596 2552 645 2610 sit
677 2551 728 2610 Ex
745 2552 783 2610 iis
797 2560 897 2610 eutem
911 2552 1050 2629 gentibus
1065 2570 1190 2628 quarum
1205 2552 1327 2610 nomine
1341 2570 1360 2609 a
1374 2551 1468 2609 literis
1482 2568 1528 2609 ms

203 2653 359 2727 incipiunt,
379 2671 440 2710 una
459 2662 516 2722 est,
538 2655 569 2710 in
589 2671 650 2728 qus
664 2652 874 2712 Marcellorum
896 2669 1061 2730 cognomen
1081 2653 1294 2729 imperatorum
1315 2659 1412 2710 aetate
1433 2651 1528 2710 luisse

205 2754 346 2812 sciemus.
390 2750 506 2813 Consul
527 2753 596 2812 anni
626 2754 666 2812 80
687 2773 716 2829 p.
740 2751 810 2812 chr.
836 2754 868 2812 in
899 2753 988 2812 titulo
1020 2752 1269 2812 Orelli-Honzen
1297 2751 1377 2810 5428
1404 2757 1529 2810 vocetur

205 2852 239 2912 0.
264 2853 388 2912 Mlmvs
411 2853 605 2913 Mlucnnnvs
633 2853 767 2914 Octavius
788 2853 909 2914 Reblins
934 2854 1049 2915 &uvius
1070 2855 1179 2930 Rufus,
1205 2854 1249 2912 itu
1275 2861 1308 2910 ut
1331 2853 1420 2911 etiem
1441 2870 1528 2929 pree·

204 2933 466 3014 nomenindienre
486 2955 632 3024 videntur,
659 2955 737 3014 huno
758 2955 892 3014 eiusdem
912 2954 1044 3013 familiae
1066 2972 1132 3014 esse
1152 2973 1219 3012 oum
1240 2953 1293 3011 illo
1315 2952 1419 3030 quiin
1440 2951 1528 3010 titulo

204 3058 307 3116 Attico
329 3063 384 3115 est.
419 3057 581 3117 Praeterea
601 3055 741 3127 11,1004
763 3054 865 3115 Maria
885 3053 966 3131 Ms.
981 3053 1125 3115 Mersella
1144 3054 1304 3114 invenitur.
1340 3049 1536 3128 Quosque

205 3158 402 3235 supplendum
423 3157 464 3216 sit

742 3307 777 3365 ‘0
799 3304 899 3384 δῆμος

722 3400 809 3465 Γάιον
828 3400 948 3490 Melpum

681 3499 850 3590 Μάρκελλον
871 3498 1062 3590 πρε[σβευτεζν

683 3601 827 3690 Καῖεαροε
847 3599 1022 3684 Σεβαστοῦ

682 3703 783 3792 (iperio
804 3696 907 3784 ἕνε[κεν

611 3799 660 3868 nai
680 3802 846 3893 εὐεργεσίας
866 3811 917 3877 τῆς
937 3807 990 3884 [εἷς
1015 3802 1123 3868 iussim

206 3967 242 4007 eo
264 3949 362 4008 minus
383 3947 578 4008 dubitandum
599 3956 657 4020 est,
676 3945 759 4024 quod
779 3962 818 4005 ex
838 3962 876 4004 ee
895 3943 1012 4004 ratione
1032 3961 1092 4020 que
1111 3957 1252 4001 versuum
1273 3940 1359 4001 initis
1380 3939 1531 4019 disposita

207 4054 278 4107 sunt
303 4049 340 4106 de
365 4067 469 4107 eorum
494 4047 699 4126 magnitudine
725 4046 799 4104 setis
824 4051 907 4104 certo
934 4044 1105 4103 oonieotnre
1130 4043 1196 4102 fleri
1223 4051 1333 4118 potest.
1379 4039 1465 4100 Haeo
1491 4040 1530 4100 de

207 4148 423 4226 supplementis
437 4147 600 4207 sufficient:
622 4147 683 4205 iam
697 4145 735 4205 de
748 4155 882 4222 tempore
895 4143 1061 4204 videamus.
1095 4139 1164 4216 Qus
1182 4142 1215 4200 in
1231 4160 1265 4200 re
1285 4139 1386 4199 omnin
1399 4139 1532 4214 pendent

206 4267 246 4307 ex
271 4265 299 4306 v.
323 4249 341 4307 3
367 4240 512 4329 Καίσαρος
532 4238 713 4323 Σεβαστοῦ.
755 4245 793 4303 In
819 4244 919 4303 officio
944 4243 1034 4322 legati
1056 4243 1188 4318 Augusti
1212 4257 1269 4318 pro
1294 4247 1433 4316 praetore
1453 4235 1531 4295 indi·

207 4346 303 4407 eundo
326 4347 406 4406 solet
424 4346 543 4425 quidem
565 4348 663 4406 solum
683 4363 793 4405 nomen
813 4335 978 4408 Σεβαστοῦ
998 4341 1131 4401 adhiberi
1138 4362 1147 4413 ς
1177 4340 1231 4401 sed
1255 4356 1407 4398 nonnoso
1428 4334 1531 4395 omnia

207 4455 259 4506 unt
290 4447 433 4529 primarie
466 4454 547 4507 certe
580 4446 645 4507 eius
679 4445 869 4522 imperatoris
903 4443 987 4503 euius
1021 4443 1139 4521 legatus
1175 4449 1223 4500 est
1256 4437 1378 4499 nomine
1411 4454 1531 4496 enume-

207 4555 321 4605 rentur.
363 4546 521 4625 Nusquam
542 4553 643 4607 numm
663 4549 764 4607 inveni
785 4537 929 4627 Καίσαρος
948 4533 1111 4607 Σεβαστοῦ
1129 4559 1166 4600 eo
1187 4539 1278 4599 modo
1299 4536 1469 4608 coniuncta,
1497 4541 1532 4594 ut

207 4647 239 4706 in
260 4648 433 4707 universum
456 4649 622 4726 prinoipem
647 4647 865 4725 significarunt,
890 4643 1011 4704 nomine
1031 4639 1153 4720 proprio
1179 4656 1240 4698 non
1260 4636 1372 4696 addito.
1416 4633 1531 4695 Contra

211 4745 401 4808 Octavianum
420 4747 581 4826 Angustum
601 4747 724 4826 proprio
750 4745 870 4805 nomino
891 4745 1003 4827 Καῖσαρ
1023 4730 1182 4806 Σεβαστός
1206 4745 1343 4799 vocatum
1369 4750 1437 4795 esse
1461 4734 1531 4810 quis

208 4849 329 4925 estqui
349 4849 472 4908 nesciet
515 4850 617 4926 Atque
641 4848 672 4909 0.
694 4847 809 4906 Marius
831 4843 953 4922 quidem
973 4842 1106 4919 Augusti
1129 4848 1227 4926 estete
1246 4838 1280 4898 in
1299 4833 1430 4896 nummis
1450 4849 1531 4892 oom-

208 4959 308 5025 peret3
329 4967 407 5027 quos
420 4966 558 5009 nummos
579 4948 637 5007 Th.
651 4947 857 5007 Mommsenns
877 4944 946 5003 hist.
968 4944 1012 5003 rei
1025 4940 1208 5001 nummariae
1221 4937 1309 4998 Rom.
1331 4954 1363 5014 p.
1378 4931 1439 4994 742
1460 4939 1532 4992 ente

209 5069 320 5113 annum
344 5052 381 5113 15
396 5069 424 5112 ε.
440 5048 512 5112 (ihr.
534 5048 608 5127 (739
623 5070 651 5109 u.
668 5046 709 5126 e.)
731 5063 819 5108 onsos
834 5061 902 5106 esse
914 5045 1031 5122 probet.
1064 5041 1179 5103 Temen
1192 5056 1284 5118 quum
1304 5037 1333 5099 is
1353 5033 1530 5116 cognomine
