3480 5804
628 512 835 565 ernnusms
861 513 1119 564 amensenma.
1514 499 1534 565 5

206 691 297 746 terea
318 680 401 746 haec
425 681 608 767 ephemeris
632 681 694 747 etsi
718 691 892 767 eapropter
913 681 1066 748 instituta
1084 689 1146 764 est,
1169 691 1206 746 ut
1222 678 1353 766 Corpus
1372 684 1536 769 suppleat,

208 794 321 860 eadem
345 794 435 861 aliud
457 818 589 881 quoque
613 795 770 882 sequitur.
809 794 919 860 Multa
943 817 1028 880 quae
1050 795 1217 881 pertinent
1240 794 1283 859 ad
1304 796 1535 883 inscriptiones

207 908 346 976 Latinas
364 917 453 975 recte
468 909 754 998 recognoscendas
771 918 804 975 et
819 909 916 995 plene
933 909 1146 995 explicandas
1163 931 1237 974 curn
1253 932 1320 974 non
1344 911 1423 977 satis
1448 934 1535 977 oom-

207 1022 304 1088 mode
326 1023 515 1090 inserantur
537 1023 801 1110 ephemeridibus
817 1024 870 1107 iis,
893 1046 977 1109 quae
992 1022 1091 1090 rebus
1106 1023 1290 1110 litterisque
1306 1025 1448 1111 antiquis
1464 1027 1536 1092 uni·

207 1137 311 1203 versis
329 1137 532 1205 illustrandis
555 1138 739 1205 destinatae
762 1146 839 1204 sunt
864 1139 955 1223 (nam
978 1146 1015 1203 ut
1036 1137 1071 1202 in
1095 1138 1166 1204 aliis
1190 1139 1326 1222 artibus,
1349 1140 1396 1205 ita
1418 1140 1452 1205 in
1473 1140 1536 1206 hac

207 1259 322 1317 nostra
343 1275 475 1338 quoqne
497 1253 654 1339 pleraque
677 1261 754 1320 sunt
777 1253 904 1318 minuta
927 1251 1040 1318 abdita
1063 1275 1083 1318 a
1106 1254 1271 1318 communi
1293 1253 1535 1342 philologorum

207 1387 330 1430 corona
352 1367 469 1452 procul
484 1367 638 1434 habenda
653 1367 833 1453 eademque
847 1375 958 1432 tamen
973 1366 1070 1434 nobis
1085 1367 1179 1433 utilia
1193 1369 1472 1454 necessariaque),
1498 1392 1536 1434 ea

173 1469 181 1483 ’
207 1480 241 1544 in
257 1479 466 1567 ephemeride
483 1482 697 1571 epigraphica
710 1482 819 1549 locum
842 1482 1010 1547 invenient
1033 1489 1066 1547 et
1089 1489 1215 1547 certum
1239 1492 1272 1547 et
1293 1481 1479 1549 modestum
1503 1493 1536 1547 et

207 1617 318 1675 suum;
342 1617 480 1681 eamque
503 1597 549 1662 ita
564 1595 766 1663 destinamus
782 1596 1019 1684 supplementis
1039 1596 1115 1679 illis,
1138 1605 1176 1661 ut
1191 1596 1249 1662 ubi
1265 1597 1406 1684 spatium
1423 1620 1536 1683 super·

207 1717 276 1791 est,
307 1710 518 1796 quaestiones
549 1711 782 1798 epigraphicae
811 1711 846 1776 in
870 1733 909 1777 ea
931 1718 1182 1796 pertractentur.
1224 1708 1336 1792 Quare
1360 1719 1397 1776 ut
1420 1712 1453 1776 in
1477 1735 1535 1776 no·

206 1845 265 1889 vas
289 1823 388 1891 aedes
410 1826 536 1911 primus
558 1825 687 1892 locator
708 1826 867 1912 recipitur
890 1826 1029 1911 quilibet
1049 1847 1090 1890 ex
1108 1824 1329 1910 multisneque
1352 1826 1400 1891 ita
1423 1849 1535 1892 severe

206 1959 281 2003 oum
305 1960 344 2004 eo
368 1940 513 2006 rationes
536 1948 705 2034 putantur,
728 1940 775 2005 ita
798 1940 855 2026 qui
878 1939 961 2005 haec
982 1939 1099 2027 legunt
1120 1961 1187 2003 non
1209 1948 1421 2005 contemnent
1436 1940 1536 2027 ephe·

206 2052 362 2119 meridem
391 2063 527 2141 propter
555 2055 785 2142 supplementa
814 2077 888 2120 rara
915 2053 1023 2119 adhuc
1054 2063 1088 2119 et
1116 2053 1213 2119 exilia
1235 2053 1415 2139 primorum
1438 2055 1535 2120 fasci·

206 2167 371 2251 culorum,
403 2169 744 2255 commentariolisqne
772 2169 893 2235 nostris
922 2167 1053 2234 interim
1083 2167 1146 2235 sibi
1177 2168 1330 2234 satisfieri
1358 2169 1534 2254 patientur,

206 2303 290 2366 quos
325 2283 520 2349 confidimus
551 2283 728 2370 aliquando
758 2283 869 2349 locum
900 2305 1053 2349 cessuros
1083 2304 1156 2348 esse
1188 2282 1341 2348 auctariis
1376 2283 1536 2348 uberiori·

206 2395 285 2478 bus,
312 2396 453 2462 maxime
480 2397 538 2463 ubi
560 2397 720 2483 prodierit
742 2396 831 2482 quod
855 2397 919 2462 iam
943 2396 1005 2462 sub
1026 2396 1119 2483 prelo
1148 2405 1199 2461 est
1222 2418 1342 2482 corpus
1365 2397 1535 2462 titulorum

205 2511 416 2576 urbanorum.

293 2624 464 2713 Rogamus
487 2625 615 2710 itaque,
643 2624 764 2710 quibus
792 2623 855 2690 hae
879 2623 1008 2689 litterae
1033 2623 1125 2689 cordi
1148 2632 1242 2706 sunt,
1265 2632 1303 2689 ut
1326 2622 1413 2689 hanc
1437 2625 1535 2710 ephe·

204 2739 361 2806 meridem
384 2740 453 2806 suis
477 2740 581 2826 copiis
605 2738 761 2804 adiuvare
783 2737 887 2804 velint
907 2745 976 2803 tam
998 2737 1271 2824 inscriptionibus
1294 2759 1409 2805 recens
1426 2762 1536 2825 reper-

204 2855 247 2923 tis
271 2877 346 2925 cum
365 2854 548 2922 Academia
569 2853 775 2920 Berolinensi
798 2851 998 2919 Institutove
1021 2851 1171 2919 Romano
1196 2851 1401 2919 editommve
1425 2853 1534 2938 aliquo

205 2968 485 3036 communicandis
509 2991 608 3055 quam
630 2968 935 3051 observationibus,
963 2989 1049 3053 quae
1072 2966 1115 3033 ad
1137 2977 1283 3033 nostram
1306 2990 1376 3033 rem
1398 2968 1535 3048 faciunt,

205 3083 465 3172 suppeditandis.
520 3080 615 3166 Quae
647 3082 820 3148 mittentur
849 3104 916 3147 non
950 3081 1075 3168 scripta
1103 3081 1218 3171 lingua
1248 3082 1388 3165 Latina,
1421 3091 1536 3149 nostra

204 3221 284 3265 cura
305 3199 426 3265 Latine
453 3206 640 3278 vertentur3
669 3220 746 3263 nam
775 3203 814 3262 ut
841 3196 876 3262 in
901 3196 974 3262 aliis
997 3195 1045 3261 ita
1066 3195 1101 3261 in
1126 3220 1164 3263 eo
1188 3218 1320 3282 quoque
1351 3197 1534 3283 ephemeris

203 3313 287 3380 haec
311 3311 442 3400 Corpus
467 3313 664 3394 imitabitur,
694 3311 785 3398 quod
806 3319 879 3376 tota
901 3310 1024 3376 Latina
1048 3310 1118 3376 erit.
1165 3311 1331 3378 Fasciculi
1353 3310 1535 3397 prodibunt

204 3427 343 3514 singulis
372 3427 466 3493 annis
495 3426 645 3512 quaterni
673 3425 868 3513 paginarum
897 3447 964 3489 non
988 3424 1095 3491 minus
1120 3433 1405 3513 septuagenarum.
1458 3426 1534 3495 Sin-

203 3541 291 3630 gulis
314 3539 535 3606 voluminibus
564 3539 690 3605 indices
714 3538 915 3618 adicientur3
946 3537 1046 3604 iidem
1068 3537 1177 3604 denuo
1202 3538 1342 3605 edentur
1365 3540 1531 3606 coniuncti

202 3662 281 3743 post
308 3654 440 3743 singula
466 3654 537 3721 sive
565 3654 788 3741 quinquennia
815 3653 885 3720 sive
916 3651 1094 3736 decennia,
1122 3654 1189 3719 fere
1219 3662 1256 3718 ut
1287 3653 1357 3719 fieri
1388 3655 1472 3722 solet
1498 3656 1531 3720 in

202 3770 351 3837 Instituti
374 3769 457 3836 actis
480 3768 626 3856 reliquis.

291 3883 491 3972 Scripsimus
513 3906 625 3951 mense
651 3880 792 3951 Octobri
816 3907 844 3949 a.
864 3885 960 3950 1871.

552 4113 677 4180 Romae
769 4111 870 4178 Gvrn.
895 4113 1055 4179 Hsuznu.

767 4228 845 4293 lon.
870 4227 976 4292 Barr.
1001 4245 1048 4292 oa
1072 4227 1189 4294 Rossr.

551 4343 698 4410 Berolini
765 4342 902 4408 Tnson.
927 4341 1121 4409 Monnssu.

553 4457 694 4545 Dorpati
766 4455 1102 4524 Gvsr.W1nuauus.
