3480 5804
100 1225 199 1414 ¹llo
235 1305 492 1442 praefecto
530 1305 816 1414 castrorum
854 1307 907 1416 ot
938 1308 1191 1443 praefecto
1224 1314 1455 1450 legionis,

690 1598 891 1610 ——

125 1832 129 1839 «
208 1792 405 1871 Reipublicae
425 1792 583 1852 Romanae
605 1788 739 1849 condicio
761 1792 918 1869 formaque
941 1795 1082 1855 universa
1104 1816 1171 1857 cum
1193 1801 1266 1859 satis
1289 1803 1365 1862 benc
1387 1824 1457 1884 cog-

125 1903 335 1968 aestatuum,
357 1913 433 1972 qnae
456 1893 560 1970 primis
583 1891 652 1949 inde
674 1889 848 1952 acassaris
864 1894 1054 1973 Augustique
1076 1905 1175 1957 aetate
1197 1903 1326 1963 saeculis
1348 1907 1374 1964 si
1396 1926 1456 1967 non

125 1994 253 2055 durabat
273 2004 305 2054 at
326 1995 469 2067 durabat,
497 2012 551 2052 nec
572 1992 671 2051 minus
692 2010 745 2062 ea,
774 1994 859 2052 cuius
880 1995 1003 2054 notitiae
1024 1996 1202 2074 dignitatum
1223 2004 1381 2082 utriusque
1402 2009 1458 2068 im.

125 2096 201 2173 perii
221 2097 370 2175 insignem
391 2103 563 2172 proponunt
583 2093 753 2169 imaginem,
775 2094 848 2154 iuris
869 2095 952 2153 illam
973 2095 1060 2156 libris
1082 2099 1171 2158 etiam
1187 2107 1356 2165 accuratius
1371 2109 1457 2168 illus-

125 2205 245 2269 tratam,
265 2197 462 2274 interipsum
485 2194 598 2254 saeculi
619 2194 708 2269 primi
729 2194 914 2271 secundique
935 2203 966 2255 et
987 2199 1099 2256 saeculi
1120 2203 1220 2275 quarti
1234 2206 1388 2282 quintique
1402 2211 1457 2269 im-

123 2297 202 2374 perii
223 2304 335 2356 statum
355 2315 422 2355 cum
444 2297 476 2354 iu
497 2297 587 2355 rebus
608 2294 748 2353 civilibus
769 2303 832 2352 tum
853 2295 884 2353 iu
905 2297 1086 2357 militaribus
1106 2309 1189 2359 tanta
1209 2312 1257 2361 est
1281 2305 1458 2383 differentia,

126 2403 160 2456 ut
179 2397 329 2474 quomodo
351 2397 427 2455 alter
448 2415 488 2454 ex
508 2396 604 2454 altero
626 2404 710 2453 ortus
733 2395 773 2453 sit
793 2394 873 2453 haud
893 2396 980 2453 facile
995 2399 1192 2474 perspiciatur
1207 2415 1297 2479 atqua
1311 2426 1347 2464 eo
1363 2429 1457 2484 paene

125 2497 250 2558 inclinet
274 2497 393 2574 opinio,
419 2516 498 2556 nova
524 2496 646 2554 omuino
672 2494 857 2570 reipublicae
883 2498 1048 2555 senescenti
1074 2499 1268 2561 fundamenta
1287 2507 1368 2566 iacta
1388 2529 1457 2571 esse

126 2597 165 2657 ab
185 2598 425 2675 imperatoribus,
451 2598 504 2674 qui
525 2595 647 2656 saeculo
668 2595 757 2654 tertio
778 2603 905 2654 exeunte
927 2606 958 2655 et
977 2597 1099 2657 ineunte
1120 2611 1226 2676 quarto
1248 2606 1350 2666 orbem
1370 2629 1458 2670 rexe-

126 2698 196 2758 rint.
232 2697 345 2758 Verum
366 2700 446 2757 enim
463 2717 534 2757 vero
556 2697 655 2754 forma
674 2695 857 2772 reipublicae
879 2715 957 2773 quae
978 2697 1085 2757 dicitur
1100 2698 1351 2766 Constantiniana
1364 2710 1458 2770 haud·

125 2816 278 2877 quaquam
306 2816 386 2857 nova
410 2798 609 2874 absolutaque
634 2816 674 2855 ex
700 2795 882 2855 Diocletiani
905 2795 1155 2878 Constantinique
1182 2804 1311 2881 ingeniis
1337 2811 1457 2885 prodiit,

127 2899 192 2972 sed,
213 2909 247 2959 ut
259 2901 416 2976 Augustus
437 2899 520 2969 olim,
543 2916 619 2974 quas
641 2897 743 2974 priora
763 2904 900 2972 tempora
915 2898 1120 2959 institutiones
1135 2905 1331 2980 protulerant,
1352 2913 1457 2972 recisis

127 3018 206 3077 quac
231 3018 336 3076 parum
365 3006 454 3077 aptae
483 2999 670 3071 videbantur,
698 2998 765 3075 ipsa
791 2999 930 3070 retinuit,
962 3018 1058 3058 novas
1091 3002 1226 3063 modeste
1252 3007 1381 3082 addidit,
1414 3014 1457 3071 sic

126 3100 173 3159 illi
198 3117 317 3177 quoque
343 3100 539 3176 imperatores
566 3098 655 3174 plura
675 3107 799 3174 accepta
820 3099 1009 3174 aptioribus
1031 3114 1226 3163 servaverunt
1250 3110 1345 3185 magis
1367 3130 1457 3187 quam

127 3218 208 3260 nova
232 3207 428 3276 procrearunt
453 3199 492 3258 ab
518 3199 595 3276 ipsis
618 3198 756 3275 primitus
778 3199 909 3257 iuventa.
953 3197 1070 3273 Quodsi
1092 3203 1129 3260 de
1151 3206 1286 3283 Augusto
1308 3211 1383 3269 illud
1406 3232 1457 3271 no-

127 3307 191 3359 tatu
218 3307 268 3360 eat
294 3318 349 3360 uec
376 3298 464 3358 facile
494 3309 633 3378 negatur,
662 3299 700 3358 ds
729 3297 921 3357 Diocletiano
948 3308 1049 3358 autem
1071 3300 1329 3384 Constantinoque
1359 3314 1458 3372 miuus

126 3410 241 3473 uotum,
261 3401 319 3460 boc
339 3400 477 3476 inprimis
499 3400 529 3458 in
551 3417 644 3458 causa
665 3407 720 3470 eat,
741 3398 822 3473 quod
843 3397 881 3456 dc
902 3407 1000 3458 aetate
1022 3418 1099 3476 qnae
1112 3404 1281 3479 Augustam
1303 3415 1458 3472 antecede·

126 3502 179 3561 bat
198 3502 298 3561 fontes
318 3501 470 3577 profluunt
490 3510 521 3559 et
541 3500 618 3576 largi
641 3500 715 3558 satis
736 3508 767 3557 et
787 3498 868 3568 boui,
895 3500 974 3557 unde
995 3501 1102 3559 notitia
1122 3503 1242 3563 illarum
1264 3527 1362 3568 rerum
1384 3512 1459 3571 hau-

125 3602 230 3675 riatur,
257 3611 362 3661 contra
381 3600 606 3660 Diocletianum
632 3599 784 3676 praecedit
810 3599 964 3658 saeculum
993 3602 1125 3661 omnium
1147 3623 1225 3680 quaa
1246 3610 1375 3684 populus
1396 3612 1459 3672 Ro·

125 3720 234 3763 manus
255 3702 329 3761 vidit
355 3701 578 3772 tristissimum,
605 3717 665 3776 quo
692 3700 851 3776 imperium
876 3702 1013 3777 pestibus
1039 3712 1128 3778 atque
1149 3705 1236 3764 bellis
1258 3711 1391 3770 externis
1413 3715 1459 3772 in·

126 3801 303 3878 armisque
324 3802 467 3861 contiuuo
488 3802 652 3860 laceratum
667 3819 763 3878 paens
777 3802 937 3878 expiravit,
960 3812 1050 3878 atque
1063 3803 1141 3863 iuter
1155 3807 1290 3868 miserias
1304 3811 1458 3874 homiuum

125 3903 374 3979 calamitatesque
396 3902 528 3962 silebant
548 3921 660 3962 musae.
700 3900 767 3960 Nec
787 3910 887 3960 tamen
908 3920 1013 3962 omues
1034 3905 1155 3964 illorum
1178 3916 1345 3986 temporum
1366 3920 1458 3975 testes

125 4002 356 4075 obmutuerunt,
378 4002 433 4060 sed
454 4021 550 4081 genus
572 4002 721 4079 quoddam
743 4012 894 4061 servatum
917 4013 965 4063 est
986 4005 1094 4064 sinon
1116 4007 1260 4068 disertum
1283 4019 1314 4070 at
1335 4025 1457 4087 certum,

125 4102 267 4181 quodque
295 4103 476 4180 gravissima
501 4121 638 4178 quaeque
666 4111 747 4161 recte
773 4103 971 4179 interroganti
999 4104 1151 4165 indicabit
1199 4108 1264 4170 Scit
1295 4114 1374 4172 enim
1406 4116 1457 4190 qui

126 4203 296 4282 paullulum
320 4203 360 4262 ad
386 4203 599 4280 inscriptiones
627 4222 681 4280 per
706 4202 808 4262 orbem
830 4202 997 4262 Romarm
1025 4223 1146 4282 sparsas
1168 4209 1298 4269 animum
1320 4212 1457 4286 advertit,

125 4320 218 4380 quam
243 4304 340 4363 multa
365 4304 402 4363 de
428 4304 493 4362 eius
520 4304 631 4379 ipsius,
657 4304 694 4362 de
720 4320 780 4379 quo
804 4302 966 4380 loquimur,
992 4307 1060 4364 aevi
1082 4307 1208 4367 historia
1228 4319 1367 4386 statuque
1387 4314 1457 4372 inde

126 4404 204 4463 disci
229 4404 357 4483 possint.
401 4402 496 4464 Cuius
522 4404 566 4462 rei
593 4403 733 4480 exempla
757 4404 902 4462 nonnulla
930 4404 987 4463 boo
1015 4406 1083 4465 loco
1111 4408 1182 4466 dare
1209 4411 1240 4466 in
1268 4411 1368 4469 animo
1394 4421 1455 4484 est3

125 4504 245 4565 initium
272 4511 372 4564 autem
397 4505 524 4563 facimus
551 4504 588 4562 ab
613 4504 749 4563 instituto
776 4504 878 4579 aliquo
899 4506 1037 4578 militari,
1065 4507 1104 4566 ad
1125 4509 1205 4584 quod
1231 4529 1336 4585 parum
1359 4512 1457 4572 adbuc

127 4606 319 4664 attenderunt
332 4605 390 4664 riri
404 4604 484 4663 docti
495 4604 534 4680 ¹),
556 4605 760 4682 praefecturas
776 4604 843 4663 dico
858 4613 1024 4664 castrorum
1039 4613 1070 4664 et
1083 4607 1220 4685 legionis,
1243 4628 1368 4685 quarum
1382 4613 1456 4671 altc-

126 4722 191 4764 ram
212 4725 252 4767 ax
266 4705 362 4765 altera
383 4714 479 4765 ortam
502 4722 569 4765 esse
591 4704 803 4765 demonstrabo
824 4705 915 4782 idque
935 4707 1085 4782 quomodo
1107 4715 1137 4767 et
1158 4726 1218 4785 quo
1239 4717 1373 4788 tempore
1393 4712 1456 4773 fac-

127 4814 190 4865 tum
211 4805 252 4865 sit
273 4824 433 4884 exponam.

204 5023 229 5087 ¹)
256 5025 325 5077 unm
349 5041 416 5092 quac
440 5028 473 5077 de
491 5026 532 5078 bis
558 5027 706 5078 muneribus
725 5029 764 5077 rel
789 5028 821 5077 da
840 5028 963 5078 altemtro
982 5043 1069 5078 corum
1089 5038 1264 5094 exposuerunt
1281 5033 1347 5084 Lusi
1367 5037 1455 5100 Lange

126 5114 188 5165 bist.
213 5116 385 5168 mutationum
407 5118 445 5167 rei
470 5118 544 5168 milit.
564 5117 740 5170 Romanorum
761 5117 911 5183 (Gottingae
932 5119 1012 5180 1846)
1032 5135 1056 5184 p.
1072 5122 1107 5171 45
1132 5130 1157 5171 et
1180 5122 1334 5188 Marquardt
1352 5122 1456 5177 Halos.

1211 5213 1229 5269 6
