3480 5804
146 503 280 554 aar-aaa
619 495 1010 550 vonnnrsrauanum.
1404 478 1474 550 183

152 671 403 751 septentriones);
425 670 482 730 nisi
503 670 580 728 forte
596 667 727 729 Cornide
748 667 860 727 erravit
880 678 969 744 atque
991 669 1021 727 iu
1042 667 1096 727 illo
1117 686 1237 747 quoque
1259 687 1314 731 ms
1334 674 1476 750 scriptum

151 784 223 834 erat.
261 773 341 832 Puto
362 772 440 829 enim
462 771 551 830 etiam
574 768 776 831 Salaciensem
799 768 917 828 titulum
939 767 1137 847 Caetobrigae
1157 782 1308 849 repertum
1329 791 1411 847 ease3
1434 777 1477 834 vi·

150 877 236 935 derat
257 874 341 932 illum
363 871 488 931 Clusius
510 872 541 930 in
562 871 694 946 Alcucur
715 873 752 930 do
772 870 915 930 Satrico
937 889 971 929 ea
992 872 1020 929 el
1039 871 1125 945 broco
1146 875 1181 932 de
1195 873 1325 946 Sataial,
1346 875 1478 935 Cornide

151 996 246 1054 prope
268 975 422 1035 ecclesiam
445 976 480 1032 de
498 973 529 1030 lu
544 972 759 1044 Misericordia,
782 973 871 1030 sitam
892 972 974 1030 illam
996 973 1026 1031 in
1048 973 1129 1049 agris
1151 975 1331 1035 interorum
1353 974 1478 1037 Setuba·
1554 968 1559 978 ⁸

150 1079 264 1138 lensem
286 1086 317 1135 et
338 1073 487 1135 Salaciam
508 1081 648 1144 ueterem,
671 1091 749 1150 quae
770 1074 802 1131 in
822 1072 951 1147 Alcapor
971 1075 1008 1131 do
1027 1073 1083 1134 Sol
1104 1075 1267 1135 collocatur
1287 1079 1389 1154 aliqua
1410 1099 1477 1137 cum

149 1177 369 1258 probabilitate,
391 1176 454 1234 fere
467 1175 584 1248 mediis,
604 1175 813 1250 hominemque
827 1173 954 1233 indicari
968 1175 1000 1232 in
1015 1183 1141 1252 utroque
1156 1178 1292 1252 eundem,
1307 1198 1372 1239 cum
1388 1182 1477 1240 etiam

149 1280 309 1356 dignitates
330 1294 456 1356 prorsus
477 1276 665 1336 conveniant.
706 1273 786 1334 Nam
808 1275 888 1351 quod
909 1275 940 1334 in
962 1276 1049 1335 titulo
1070 1279 1154 1353 prius
1176 1279 1236 1338 iam
1258 1291 1329 1340 noto
1349 1283 1478 1360 legionis

150 1398 292 1440 numerus
314 1389 344 1438 et
364 1395 529 1455 cognomen
550 1377 665 1435 omissa
685 1383 770 1449 sunt,
794 1375 827 1434 id
848 1375 958 1436 iactum
979 1387 1024 1437 est
1045 1396 1084 1437 ex
1107 1381 1220 1440 saeculi
1240 1383 1330 1459 primi
1351 1401 1478 1444 consue·

150 1482 254 1541 tudine
276 1481 442 1541 notissima.
483 1479 588 1554 Itaque
603 1476 793 1556 Caetobriga,
816 1479 896 1554 quod
918 1486 983 1537 erat
1003 1479 1146 1557 oppidum
1167 1489 1315 1542 vetustum
1337 1483 1376 1541 ad
1396 1502 1479 1544 mare

150 1583 239 1642 situm
261 1581 301 1640 ab
320 1581 478 1658 Olisipone
499 1578 654 1639 meridiem
674 1595 791 1651 vorsus,
813 1588 866 1638 ant
887 1579 1033 1640 oriundus
1055 1598 1124 1640 esse
1146 1591 1198 1640 aut
1218 1584 1342 1660 praedia
1362 1585 1404 1644 ibi
1425 1587 1478 1644 ha·

149 1683 253 1742 baisse
274 1682 426 1758 putandus
448 1680 505 1740 erit
521 1679 659 1742 Bocchus
681 1698 781 1739 rerum
802 1680 931 1756 scriptor
951 1681 1052 1758 ibique
1074 1684 1164 1742 etiam
1185 1685 1293 1743 statuis
1314 1687 1478 1746 honoratus

149 1801 218 1844 esse
245 1802 265 1841 a
284 1783 377 1843 variis
403 1781 523 1859 oppidis
544 1780 708 1840 Lusitanis.
751 1777 840 1854 Quod
864 1781 897 1839 in
923 1782 1041 1858 legione
1068 1785 1157 1843 tertia
1176 1785 1323 1844 AfrIcaaa
1346 1787 1479 1845 tribuna·

150 1895 211 1944 tum
238 1884 367 1943 obtinuit
390 1903 453 1943 non
478 1884 579 1942 obstat
599 1881 709 1959 origini
731 1881 795 1941 eius
815 1881 989 1942 Lusitanae.
1034 1883 1148 1944 Bocchi
1168 1903 1334 1962 cognomen
1356 1886 1480 1945 similia·

150 2004 208 2062 que
233 1985 358 2062 originis
386 1985 516 2043 fortasse
537 1982 699 2042 Africanae
726 1982 815 2041 etiam
841 1982 872 2041 in
893 1981 1053 2042 Lusitania
1078 2004 1139 2044 non
1165 2004 1235 2044 rara
1256 1995 1339 2058 sunt;
1365 1987 1480 2047 Boccua

151 2086 183 2145 in
203 2086 299 2146 titulis
314 2085 475 2146 Visaeensi
497 2083 643 2160 (11,410)
666 2093 696 2142 et
718 2082 875 2142 (lauriensi
897 2084 953 2160 (II,
969 2084 1043 2163 769)
1065 2087 1222 2162 reperitur.

152 2293 221 2354 292
250 2292 340 2353 Ouiae
364 2310 458 2371 prope
480 2290 648 2362 Sonturcm3
672 2299 808 2350 servatur
829 2289 988 2368 Olisipone
1013 2293 1044 2350 in
1065 2311 1169 2352 museo
1191 2293 1417 2371 archaeologico
1440 2297 1477 2354 do
1587 2294 1591 2299 ’

196 2395 311 2455 Carmo.
352 2393 487 2453 Litterae
508 2401 580 2450 sunt
600 2392 730 2469 optimae
752 2392 865 2450 saeculi
885 2392 975 2468 primi
997 2393 1046 2451 vel
1067 2394 1190 2452 secundi
1211 2396 1352 2454 ineuntis.

622 2542 1010 2586 ra·sau1ttvs·n·s

623 2643 701 2686 ost·
717 2642 835 2688 rvscvs
851 2658 858 2673 ·
873 2645 916 2687 ΑΝ
932 2657 940 2672 ·
954 2644 1010 2687 κιν

658 2743 841 2787 1·r·rn·r·c·
884 2745 975 2787 trs-e

152 2843 302 2921 Ectypum
318 2840 407 2900 misit
428 2836 624 2901 Soromenbo.

192 2943 265 3003 v.3
288 2944 357 3021 lego
383 2941 487 3016 dalem)
514 2936 705 3015 immmenso)
726 2937 960 3015 m(oaumcatam)
975 2939 1176 3019 flectendum)
1198 2941 1350 3020 c(uroait).
1393 2945 1481 3025 H(ic)

151 3045 252 3124 ofitus)
275 3043 342 3121 eat).

194 3146 321 3206 Duabus
342 3163 382 3205 ex
402 3142 505 3203 causis
526 3141 673 3220 adscripsi
694 3141 814 3201 titulum
835 3160 890 3219 per
911 3159 945 3202 se
966 3143 1111 3202 memoria
1124 3145 1178 3202 rix
1196 3145 1329 3222 dignum,
1351 3148 1481 3225 primurn

150 3258 274 3327 propter
294 3246 455 3306 formulam
476 3263 495 3303 a
515 3245 668 3304 consuetis
689 3243 793 3321 paullo
814 3243 973 3318 diversam,
996 3243 1104 3303 deinde
1124 3255 1247 3321 propter
1267 3266 1421 3307 numerum
1444 3267 1480 3308 ιιι

150 3350 194 3409 ita
213 3349 367 3425 seriptum,
388 3355 421 3406 ut
442 3363 459 3405 ι.
480 3347 579 3405 minor
600 3345 641 3404 sit
661 3362 750 3420 quam
771 3361 792 3402 x
808 3345 1000 3420 praecedens.
1036 3343 1182 3405 Solebant
1195 3347 1274 3405 enim
1289 3358 1378 3424 atque
1393 3350 1480 3408 hodie

151 3451 241 3512 etiam
265 3451 364 3509 solent
390 3448 471 3508 docti
491 3446 622 3522 Hispani
643 3453 734 3522 atque
754 3444 891 3504 Lusitani
913 3464 953 3504 ex
973 3446 1028 3504 tali
1049 3446 1197 3522 scriptura
1218 3447 1353 3507 derivare
1373 3468 1399 3508 ar
1420 3451 1481 3508 ior·

150 3571 230 3612 mam
250 3552 283 3611 in
303 3549 503 3610 monumentis
517 3547 664 3624 Hispanis
683 3546 753 3605 iude
775 3566 794 3605 a
814 3546 936 3605 saeculo
957 3547 1020 3606 iere
1041 3555 1129 3606 sexto
1150 3548 1281 3624 positam
1303 3567 1392 3627 prox
1409 3551 1481 3610 sim-

150 3653 238 3733 plici,
264 3651 301 3710 de
326 3669 388 3728 qua
413 3650 476 3708 dixi
502 3649 534 3706 in
561 3649 677 3726 sylloge
698 3647 852 3707 titulorum
872 3645 1040 3725 Hispaniae
1061 3647 1292 3709 christianorum
1315 3651 1358 3728 (p.
1375 3651 1479 3729 XIII).

151 3756 289 3832 Apparet
303 3771 374 3812 vero
396 3758 539 3829 quantum
561 3750 652 3810 distet
672 3749 760 3809 xilla
781 3750 948 3808 ornamenti
969 3767 1060 3809 causa
1077 3749 1163 3828 apice
1177 3752 1309 3828 quodam
1323 3753 1371 3812 rel
1386 3753 1481 3814 cauda

149 3857 298 3916 instructa
319 3854 357 3913 ab
378 3868 395 3912 t
416 3852 532 3912 minore
552 3862 624 3929 post
643 3870 664 3911 x
685 3851 793 3927 posita,
814 3851 868 3911 sed
890 3852 932 3911 ita
952 3852 1063 3929 posita,
1084 3857 1118 3910 ut
1139 3852 1221 3912 nulla
1240 3854 1317 3914 inter
1338 3873 1391 3915 eas
1413 3874 1481 3933 per·

153 3958 298 4034 spiciatur
320 3954 501 4017 coniunctio.
1251 3974 1254 3981 ·

152 4165 202 4226 Ad
224 4182 253 4222 u.
269 4162 361 4222 2559.
405 4160 500 4222 Cuius
522 4163 626 4240 oppidi
642 4161 781 4221 Lusitani
803 4180 911 4221 nomen
932 4179 1022 4220 versu
1045 4161 1122 4219 tituli
1144 4163 1233 4223 huius
1254 4165 1359 4240 quinto
1380 4165 1481 4241 legen-

192 4265 265 4324 dum
292 4265 345 4337 sit,
372 4283 440 4323 cum
466 4264 534 4322 inde
560 4283 579 4321 a
600 4263 722 4322 saeculo
737 4263 816 4322 XVI
842 4262 895 4338 (cf.
917 4262 1082 4321 auctarium
1104 4261 1309 4321 addendorum
1330 4283 1359 4339 p.
1376 4263 1480 4341 XLV)

193 4374 263 4426 ante
284 4384 332 4426 me
353 4365 474 4437 nemini,
496 4371 529 4422 ut
542 4365 695 4442 putabam,
716 4363 893 4441 contigisset
906 4371 987 4422 certo
1002 4363 1135 4435 definire,
1157 4364 1285 4423 libenter
1299 4382 1346 4423 me
1360 4382 1480 4442 quoque

193 4467 386 4528 concederem
411 4465 561 4526 erravisse
585 4465 712 4525 meliora
732 4464 866 4524 edoctus.
908 4464 1102 4523 Examinavit
1122 4464 1243 4523 titulum
1265 4465 1332 4540 rupi
1354 4465 1480 4524 incisum

192 4587 287 4646 prope
308 4568 413 4628 turrim
434 4567 590 4639 Herculis,
616 4586 694 4643 quae
715 4574 848 4639 vocatur,
874 4584 969 4643 nuper
989 4564 1150 4625 Eduardus
1173 4563 1327 4625 saavedra
1350 4567 1480 4642 optimus

193 4672 307 4730 amicus
328 4686 496 4744 nomenque
518 4669 600 4746 legit,
622 4677 655 4727 ut
675 4669 790 4744 legerat
810 4667 886 4725 inter
906 4674 951 4726 tot
971 4676 1063 4726 testes
1085 4666 1221 4727 oculatos
1243 4685 1321 4726 unus
1342 4668 1400 4726 boc
1415 4684 1480 4726 sae·

194 4773 262 4831 culo
283 4771 373 4831 Rada
392 4770 577 4830 Matritensis
600 4770 733 4827 omnium
755 4768 953 4843 nuperrimus,

717 4901 914 4946 astvntsnsts

151 5024 272 5086 Nomen
298 5028 355 5087 hoc
382 5024 504 5085 aliunde
524 5034 629 5085 notum
651 5040 710 5083 non
731 5039 799 5083 esse
821 5040 875 5083 nec
896 5023 971 5083 satis
992 5023 1194 5084 commendari
1217 5024 1317 5084 forma
1341 5042 1397 5084 sua
1420 5041 1481 5083 non

154 5128 230 5187 satis
255 5134 304 5188 est
328 5128 368 5187 ad
392 5127 552 5189 lectionem
578 5124 782 5185 refellendam.
826 5120 889 5185 sea
914 5123 996 5183 misit
1021 5120 1174 5185 Saevedra
1195 5134 1303 5206 ectypa
1322 5126 1481 5186 chartacea
