3480 5804
285 485 355 555 138
854 497 1035 551 manuscr

280 672 487 749 confugiamus
509 671 569 730 nisi
590 670 628 728 ad
649 669 873 728 excusationem
895 668 1095 728 necessariam
1116 668 1213 744 magis
1232 686 1321 744 quam
1336 669 1497 744 optabilem
1513 669 1607 744 scrip·

279 783 375 833 torem
398 773 475 831 tituli
491 770 642 832 Casinatis
664 789 751 830 usum
765 770 918 846 vulgarem
938 777 1072 829 secutum
1093 769 1262 846 delegatum
1282 769 1449 847 principum
1467 771 1608 847 posuisse

279 875 419 935 absolute
440 893 495 951 pro
517 872 776 949 principali1).-
798 869 846 929 De
867 872 935 946 ipso
956 870 1056 929 officio
1078 890 1145 930 cum
1166 870 1293 929 dixerim
1315 870 1347 927 in
1368 871 1520 929 memoriis
1535 872 1607 930 inst.

279 978 360 1036 arch.
381 976 410 1048 2,
426 976 501 1046 313,
524 992 621 1051 pauca
641 974 737 1031 habeo
759 990 836 1047 quae
858 971 974 1030 addam.
1017 971 1053 1028 In
1074 970 1170 1030 titulis
1192 970 1383 1030 Diocletiano
1406 972 1607 1031 anterioribus

280 1087 434 1154 praeterea
454 1075 550 1134 adbuc
571 1074 650 1150 quod
665 1073 757 1132 sciam
775 1073 822 1131 bis
836 1080 950 1130 tantum
965 1079 1186 1148 repertumst,
1207 1091 1314 1149 nempe
1327 1072 1358 1130 iu
1373 1072 1462 1131 titulo
1477 1072 1512 1131 Ι..
1529 1071 1608 1133 (iae-

280 1179 360 1238 sonii
376 1177 470 1236 Macri
484 1175 636 1235 Rufiniani
656 1172 766 1250 (Orell.
784 1173 888 1249 3042),
907 1173 959 1248 qui
974 1173 1139 1248 imperante
1155 1171 1312 1233 Gordiano
1323 1173 1373 1231 111
1388 1174 1491 1233 electus
1506 1184 1553 1233 est
1566 1176 1609 1234 ad
1640 1218 1644 1226 -

279 1280 486 1356 cognoscendas
496 1281 556 1336 uice
566 1277 701 1335 Caesaris
712 1278 893 1351 acquirimus,
906 1273 1082 1349 duobusque
1092 1273 1212 1333 Balbini
1223 1275 1350 1332 Maximi
1361 1276 1496 1334 consulis
1508 1294 1535 1333 a.
1544 1275 1606 1334 232

280 1387 333 1438 aut
347 1378 407 1438 233
423 1387 475 1438 aut
490 1377 549 1437 253
571 1376 614 1452 (v.
637 1395 667 1451 p.
683 1375 767 1450 132),
788 1375 839 1450 qui
859 1375 966 1434 dicitur
979 1393 1149 1451 capnoscens
1164 1376 1205 1433 ad
1219 1393 1320 1435 sacrus
1335 1376 1552 1451 appellationes,
1573 1387 1608 1436 ut

281 1482 329 1539 hic
349 1498 478 1556 quoque,
500 1479 611 1556 pariter
625 1486 715 1552 atque
729 1476 760 1533 in
774 1475 933 1534 consulatu
948 1476 1110 1546 ordinario,
1131 1475 1153 1534 ii
1167 1475 1204 1535 de
1218 1477 1327 1552 quibus
1341 1477 1457 1553 agimus
1472 1477 1607 1536 ordinem

280 1582 391 1642 ducunt
405 1592 434 1639 et
447 1581 578 1656 reliquos
594 1587 727 1655 tempore
740 1576 928 1654 praecedant.
955 1575 1164 1654 cognitionem
1178 1595 1245 1636 eam
1259 1577 1302 1636 ita
1314 1577 1379 1636 dari
1393 1579 1514 1638 solitam
1529 1596 1607 1652 esse,

281 1690 314 1741 ut
335 1682 374 1740 ad
395 1691 505 1741 certam
527 1681 677 1739 dioecesin
698 1678 937 1756 restringeretur,
959 1678 1019 1737 etsi
1037 1679 1068 1736 bi
1082 1695 1159 1753 qnos
1173 1679 1262 1754 posui
1276 1678 1353 1737 titali
1367 1697 1427 1738 nou
1441 1680 1607 1752 enuntiant,

280 1792 360 1842 certe
381 1783 437 1841 sub
452 1782 640 1840 Diocletiano
661 1779 811 1838 iuvenitur
827 1779 932 1837 Aelius
948 1777 1124 1855 Dionysius,
1146 1779 1172 1838 is
1194 1779 1247 1855 qui
1266 1788 1374 1856 postea
1394 1780 1496 1838 asel
1520 1799 1607 1856 prae·

277 1886 374 1945 lectus
397 1883 480 1941 urbis
502 1883 599 1940 sactus
622 1889 677 1951 est,
698 1881 783 1938 iudea
796 1897 944 1938 sacrarum
959 1881 1148 1954 capnitionurn
1161 1882 1247 1939 totius
1267 1879 1390 1940 Orientis
1411 1879 1522 1956 (Orell.
1538 1881 1606 1957 60),

279 1985 445 2062 poteritque
461 1983 537 2041 adeo
551 1981 771 2057 quodammodo
786 1977 952 2055 comparari
966 1980 1047 2055 quod
1062 1979 1104 2038 ait
1118 1978 1278 2041 Suetonius
1299 1980 1391 2058 (Aug.
1408 1982 1462 2057 33)
1484 1982 1606 2060 Augus·

279 2095 343 2145 tum
358 2084 520 2162 quotannis
535 2082 752 2159 appellationes
766 2080 995 2157 provincialium
1007 2080 1190 2157 litigatorum
1201 2081 1388 2159 delegavisse
1399 2083 1606 2142 consularibus

280 2187 362 2259 viris,
384 2204 455 2261 quos
476 2184 604 2259 singulos
626 2185 760 2257 cuiusque
776 2184 944 2257 prouinciae
965 2185 1085 2256 nepotiie
1102 2186 1328 2258 praeposuisset
1372 2181 1513 2243 Ceterum
1535 2203 1605 2262 cog·

279 2287 407 2346 ultiones
429 2284 704 2362 appellationesque
725 2280 926 2341 Caesarianae
947 2281 1096 2357 quomodo
1118 2291 1188 2343 aute
1208 2283 1433 2343 Diocletianum
1454 2286 1605 2345 exercitae

279 2390 353 2459 sint,
381 2386 479 2445 adhuc
505 2402 611 2460 parum
636 2389 823 2454 commeat,
853 2400 908 2441 nec
928 2381 965 2440 de
987 2384 1165 2460 quaestione
1185 2403 1222 2444 ea
1242 2384 1376 2446 omnium
1396 2386 1528 2446 maxime
1549 2387 1605 2446 im·

279 2489 388 2566 plicata
408 2489 464 2546 hoc
485 2485 550 2544 loco
571 2483 782 2560 disputabitur.

436 2587 494 2658 18.
546 2582 759 2658 Praefectus
785 2581 1054 2657 alimentorum.

361 2706 439 2766 Vide
460 2724 537 2782 quae
559 2706 639 2764 dicta
660 2714 731 2763 sunt
751 2722 780 2780 p.
795 2705 905 2779 133sq.
942 2703 1024 2763 Fieri
1043 2713 1153 2782 potest,
1175 2715 1207 2765 ut
1220 2725 1257 2766 ea
1270 2708 1460 2784 praefectura
1473 2666 1603 2769 Sabinus

278 2812 399 2869 iunctus
422 2809 463 2866 sit
483 2807 574 2866 simul
594 2813 683 2881 atque
704 2823 826 2863 munere
847 2805 1023 2863 correctoris
1044 2807 1175 2866 Italiae.

410 2909 492 3001 19.
546 2904 694 2978 Electus
720 2904 768 2976 ad
794 2902 1051 3002 corrigendum
1077 2916 1216 2980 statum
1240 2905 1379 2981 Italiae.

362 3028 504 3090 Officium
519 3025 605 3085 electi
620 3024 659 3083 ud
673 3024 877 3102 corrigendum
893 3032 1001 3085 statum
1013 3025 1120 3086 Italiae
1135 3028 1241 3088 iisdem
1254 3030 1353 3088 verbis
1367 3037 1522 3106 praeterea
1531 3050 1603 3090 uus·

278 3112 368 3208 qaam
388 3127 583 3198 enuntiatum,
602 3134 762 3203 eapropter
783 3125 942 3202 diligenter
963 3128 1211 3188 considerandum
1231 3139 1288 3202 est,
1310 3131 1390 3207 quod
1404 3151 1443 3190 ex
1458 3132 1514 3191 boc
1528 3141 1604 3192 tam·

278 3252 367 3311 quam
389 3230 520 3308 germine
542 3228 622 3287 enati
642 3234 712 3286 eunt
726 3234 909 3287 correctores
924 3227 1032 3287 aetatis
1046 3229 1262 3307 posteriorist)
1284 3250 1381 3308 neque
1396 3233 1459 3293 eius
1473 3234 1604 3293 instituti

278 3334 343 3393 ulla
363 3331 506 3392 memoria
525 3338 610 3390 extat
630 3329 678 3387 his
699 3328 794 3386 titulis
816 3328 975 3406 antiquior.
1011 3328 1090 3388 Nam
1112 3332 1230 3408 legatus
1245 3333 1376 3411 Augusti
1396 3352 1452 3410 pro
1465 3344 1604 3411 praetore

278 3435 411 3513 regionis
422 3430 658 3509 Transpadanae
672 3429 779 3489 aetabs
792 3429 943 3489 Traianae
957 3429 1066 3505 (Orell.
1079 3430 1186 3509 2273),
1200 3451 1289 3508 quem
1304 3453 1370 3493 cum
1384 3437 1603 3497 correctoribus

277 3537 383 3595 ltaliae
404 3533 574 3611 composuit
595 3531 779 3609 Borghesius
801 3531 886 3610 (opp.
903 3534 931 3604 5,
946 3532 1032 3608 408),
1056 3533 1147 3593 bodie
1168 3543 1328 3616 postquam
1348 3536 1477 3596 innotuit
1497 3538 1602 3597 titulus

278 3635 425 3698 Cirtensis
454 3635 492 3694 T.
521 3632 677 3693 Caesernii
704 3632 844 3704 Macrini,
876 3635 928 3709 qui
960 3635 1138 3694 tribunicius
1169 3638 1273 3694 missus
1301 3644 1348 3696 est
1376 3639 1419 3696 aa
1442 3638 1603 3714 dilec[tu]n

276 3741 418 3796 iuniorum
439 3754 459 3792 a
481 3737 545 3793 diuo
563 3734 719 3791 Hadriano
737 3737 769 3791 in
786 3737 925 3809 regionem
940 3735 1230 3812 Transpadanant),
1252 3737 1437 3813 probabilius
1455 3739 1601 3799 referetur

276 3839 354 3895 iuter
373 3837 489 3911 legatos
510 3833 750 3909 dilectatores4).
793 3832 939 3893 Videntur
959 3843 1072 3907 autem,
1099 3837 1182 3894 utin
1203 3837 1373 3913 provincias
1395 3841 1561 3898 senatorias
1582 3859 1602 3898 a

276 3935 402 3997 Traiani
421 3934 491 3993 inde
517 3941 615 3993 aetate
641 3943 759 4010 praeter
784 3931 980 4010 proconsules
1001 3935 1194 3996 mittebantur
1214 3917 1340 3998 subinde
1360 3938 1452 4016 legati
1472 3940 1601 4018 impera-

276 4100 480 4113 -.....-—

354 4211 377 4273 1)
406 4210 447 4261 ct.
467 4210 545 4260 verba
563 4210 639 4260 edicti
657 4204 780 4274 praetorii
797 4210 858 4276 Dig.
871 4212 915 4272 44,
931 4213 956 4272 8,
971 4213 986 4261 2
1000 4228 1051 4277 par
1069 4220 1244 4281 praeterquam
1264 4215 1332 4282 quod
1349 4216 1403 4283 depe
1421 4223 1522 4267 senuws
1540 4234 1597 4269 con·

276 4305 341 4356 auito
359 4301 440 4354 edicto
459 4300 587 4352 decretave
600 4300 744 4368 princepum
761 4299 810 4351 tibi
826 4317 965 4352 cencessum
983 4309 1027 4354 est.

352 4392 376 4458 ²)
404 4395 472 4445 Vide
496 4407 561 4458 quae
584 4392 617 4442 de
635 4393 822 4443 correctoribus
840 4393 952 4445 diximus
969 4394 1126 4461 Borghesius
1144 4398 1171 4447 in
1190 4412 1250 4448 ann.
1270 4399 1329 4448 inst.
1351 4399 1422 4449 1853
1441 4415 1467 4464 p.
1482 4401 1599 4464 221seq.

277 4506 311 4530 =
325 4502 385 4551 opp.
400 4486 425 4546 ὁ,
440 4485 493 4535 415
513 4492 540 4534 et
556 4499 605 4549 ego
622 4483 684 4534 rdra.
703 4481 860 4535 Feldntesser
879 4487 904 4547 2,
920 4486 981 4537 196.
997 4487 1057 4538 196.

352 4574 377 4639 ⁸)
404 4576 499 4627 Renier
510 4573 635 4642 meleager
647 4592 671 4642 p.
683 4576 732 4638 ⁷53
751 4577 828 4626 inser.
841 4576 902 4641 Alg.
921 4593 947 4627 u.
960 4579 1040 4629 1617.
1073 4576 1186 4629 Ciru'm.
1199 4575 1393 4640 rotumam,
1408 4580 1468 4630 191.
1497 4573 1598 4631 Eodem

276 4671 384 4720 tortam
407 4668 555 4718 referendus
574 4674 614 4718 est
631 4667 719 4717 titulus
737 4666 884 4732 Campanus
901 4669 924 4719 1.
937 4669 971 4719 N.
986 4669 1057 4721 3604
1076 4670 1106 4720 L.
1125 4669 1209 4719 Fulvii
1227 4669 1381 4720 Aemiliani:
1406 4669 1482 4720 eleeto
1502 4669 1534 4720 ab
1553 4686 1597 4737 op·

277 4757 346 4821 [aas
371 4759 429 4825 emp.
453 4756 556 4823 saera]
581 4756 730 4809 amara
754 4757 790 4808 aa
813 4756 940 4821 [aream
963 4757 1112 4824 inensam]
1134 4775 1182 4827 per
1203 4761 1328 4826 apansa
1351 4757 1597 4827 usurpassem
1635 4745 1640 4750 ’

276 4850 320 4899 ubi
344 4849 414 4913 quod
436 4849 498 4898 olim
522 4850 644 4913 proposui
670 4848 706 4899 ad
728 4846 781 4910 [ius
798 4848 938 4914 dicendum]
958 4850 1017 4900 ideo
1036 4853 1119 4902 minas
1137 4851 1271 4917 probabile
1288 4858 1339 4914 est,
1364 4851 1433 4917 quod
1453 4851 1598 4902 Alexandri

276 4946 360 4989 aetate
382 4938 482 4988 iuridici
505 4940 644 5003 appellatio
666 4946 768 5004 recepta
790 4940 843 4989 iam
861 4941 910 4990 tuit
927 4949 953 4991 et
970 4943 1110 4993 sollemnia.
1146 4943 1220 4993 Alibi
1238 4949 1277 4994 est
1299 4942 1390 4994 ekctue
1407 4939 1503 4994 iudicio
1523 4958 1597 4993 saera

276 5027 312 5076 nd
330 5026 437 5091 [censae]
457 5028 624 5094 acceptandus
640 5045 686 5097 per
699 5030 859 5097 prouinciam
878 5029 1008 5100 Belpican
1025 5034 1141 5094 (tleuzen
1161 5033 1253 5095 6512).

352 5115 378 5177 ⁴)
407 5118 447 5168 Gt.
465 5118 562 5170 Renier
579 5117 703 5189 ne'lanpes
720 5136 746 5186 p.
760 5121 794 5174 73
802 5136 856 5186 seq.
