3480 5804
142 554 148 567 ,
212 481 282 553 122
457 497 634 553 normann
651 497 701 550 nu
718 498 982 551 unnmrcrouvu
998 498 1104 553 vnum
1122 492 1278 552 rums.

207 671 324 732 Versus
351 671 472 730 ultimos
498 671 541 730 cic
566 671 630 730 sere
655 671 778 730 exhibui
801 680 834 730 ut
854 672 893 730 ab
914 672 984 731 aliis
1005 672 1135 732 restituti
1157 680 1242 743 aunt,
1268 689 1389 731 veroum
1415 680 1535 732 textum

207 782 294 832 acute
320 773 471 851 supplevit
491 771 704 831 Mommsenua.
747 771 824 832 Cum
850 774 929 831 enim
955 782 1077 851 propter
1103 792 1260 832 numerum
1280 773 1459 834 tribuniciae
1480 792 1535 850 po·

207 875 325 933 testatis
347 893 426 934 nunc
446 881 564 933 constet
584 892 687 933 arcum
708 875 819 934 lactum
840 892 909 934 ease
930 895 957 933 a
974 876 1011 934 51
1029 875 1077 934 vel
1092 873 1147 948 52,
1174 893 1202 932 a.
1223 884 1323 934 autem
1346 875 1386 935 50
1408 874 1535 935 Carata-

207 993 261 1034 cus
282 994 338 1034 rex
351 975 525 1035 Britanniae
546 981 652 1052 captus
675 975 715 1036 ait
727 976 895 1052 fratresque
909 977 985 1048 eiua,
1006 983 1040 1034 ut
1053 975 1176 1034 Tacitus
1191 994 1261 1035 ann.
1282 976 1335 1036 lib.
1351 975 1388 1034 12
1410 996 1476 1055 cap.
1493 979 1534 1038 35

208 1087 319 1150 narrat,
340 1078 372 1135 iu
393 1076 574 1136 deditionem
595 1078 710 1154 accepti
732 1077 800 1150 sint,
823 1085 856 1134 ut
876 1077 987 1136 bellum
1003 1076 1153 1137 rideretur
1174 1077 1342 1136 conlectum
1363 1094 1443 1149 eoae,
1463 1096 1536 1137 oon·

208 1185 382 1237 aentaneum
404 1185 450 1237 cat
470 1179 500 1236 in
521 1178 610 1238 titulo
632 1197 720 1238 arcuo
741 1177 930 1256 triumphalia
950 1178 1118 1255 praedicari
1140 1186 1186 1236 tot
1206 1196 1292 1258 reges
1307 1178 1483 1238 Britanniae
1502 1181 1535 1237 in

206 1279 386 1339 deditionem
408 1296 476 1337 eoae
497 1288 646 1357 acceptos.
682 1279 814 1339 Difficile
836 1289 934 1339 autem
955 1279 1056 1351 fuerit,
1077 1297 1144 1338 cum
1165 1279 1240 1338 illud
1258 1297 1277 1327 v
1297 1279 1335 1339 ad
1351 1298 1440 1339 uuam
1455 1279 1536 1339 litte·

206 1399 270 1439 ram
291 1399 311 1439 x
332 1379 466 1457 quadret,
488 1380 572 1439 aliud
593 1381 764 1458 excogitare
785 1381 866 1458 quod
887 1380 956 1440 huic
976 1381 1044 1440 loco
1066 1382 1232 1440 conveniat.

856 1816 885 1874 4.

287 1929 337 1991 Ne
357 1932 485 2009 paginae
506 1951 616 2012 magna
636 1950 707 2010 paro
721 1940 809 1993 vacet
829 1931 929 1991 addidi
951 1933 1071 1992 titulum
1091 1931 1225 1992 nondum
1246 1933 1360 2011 publici
1380 1933 1455 1993 iuria
1470 1934 1531 1993 iac-

206 2042 284 2107 tum,
305 2034 371 2108 qui,
394 2033 420 2092 oi
441 2051 500 2091 uon
522 2033 552 2092 in
573 2034 639 2112 ipeo
661 2033 797 2094 aedilicio
818 2035 948 2107 urbano,
975 2035 1029 2092 aed
1049 2035 1081 2092 in
1102 2044 1278 2093 ornamento
1299 2035 1428 2111 quodam
1451 2035 1532 2094 aedi·

205 2133 265 2192 licii
290 2134 406 2193 videtur
431 2135 542 2195 inoioua
563 2135 667 2195 luisse.
713 2134 868 2195 (littadinii
893 2135 972 2195 enim
1002 2135 1104 2195 codice
1125 2134 1278 2195 Marciano
1301 2153 1330 2212 p.
1346 2136 1386 2197 85
1408 2136 1457 2194 hic
1477 2155 1532 2195 ex·

205 2233 324 2295 hibetur
343 2235 462 2297 titulus:

577 2334 693 2379 nomm
705 2349 712 2364 ·
725 2334 843 2378 Nosrrr
855 2348 862 2363 ·
875 2335 999 2380 nouom
1010 2348 1018 2364 ·
1029 2335 1160 2379 uvovsrr

706 2434 862 2480 rorvtvs·
876 2436 1029 2480 uouauvs

668 2536 730 2581 ruo
754 2550 762 2566 ·
786 2537 950 2581 amoveam
972 2550 980 2566 ·
1002 2536 1067 2580 atvs

706 2637 1029 2683 cruce-semrom

520 2742 532 2782 a
666 2739 773 2796 ancyr
812 2754 820 2768 ·
860 2738 1068 2784 rrovrorurur

576 2839 718 2884 srarveru
733 2854 740 2869 ·
760 2840 797 2883 rx
811 2853 818 2869 ·
833 2840 909 2883 erra
924 2853 931 2869 ·
947 2828 1159 2896 araeu'rooya

576 2941 612 2982 ru
633 2939 907 2984 ·rosra1s·un
928 2941 1159 2984 memorium

576 3020 812 3085 otorraa'·
850 3041 1159 3085 samrrraauar

575 3140 1158 3186 concoctionem-necravrr

203 3261 264 3322 Ubi
290 3261 422 3321 extiterit
445 3280 506 3321 non
532 3262 711 3334 enuntiatur,
738 3262 790 3322 aed
815 3261 963 3340 pertinere
991 3262 1029 3321 ad
1055 3263 1159 3321 urbem
1180 3281 1248 3322 cnm
1274 3264 1342 3322 ideo
1364 3267 1529 3341 probabile,

201 3365 282 3440 quod
303 3372 404 3423 statua
425 3382 444 3420 a
465 3363 577 3441 populo
598 3362 750 3435 Romano,
778 3370 841 3423 tum
862 3363 943 3440 quod
963 3363 995 3422 in
1015 3365 1124 3423 rostris
1145 3364 1302 3424 conlocata
1323 3383 1390 3425 ease
1410 3367 1529 3428 dicitur.

201 3465 327 3523 Videtur
347 3472 445 3524 autem
467 3464 568 3540 posita
588 3481 656 3524 ease
678 3464 782 3524 eodem
804 3474 947 3541 tempore,
969 3482 1030 3540 quo
1052 3483 1071 3522 a
1085 3473 1191 3524 aenatu
1204 3466 1376 3543 populoque
1389 3468 1529 3529 Romano

200 3573 324 3625 curante
344 3565 433 3624 Rufio
454 3566 587 3623 Antonio
609 3567 768 3644 Agrypnio
782 3565 950 3626 Volusiano
971 3567 1072 3643 posita
1092 3574 1138 3625 eat
1158 3566 1189 3625 in
1210 3567 1276 3625 loro
1289 3567 1422 3627 Traiano
1443 3570 1528 3630 bacio

201 3676 320 3726 statuae
344 3666 474 3725 Honorii
499 3674 619 3744 reperta
645 3685 672 3725 a.
690 3667 785 3740 1870,
813 3667 850 3724 cl.
878 3667 1044 3726 Bullcttino
1068 3667 1147 3726 1870
1175 3688 1204 3746 p.
1223 3669 1291 3727 171.
1335 3669 1467 3729 Omnino
1497 3680 1529 3730 et

200 3785 276 3843 quaa
299 3774 415 3826 statuae
436 3767 467 3825 in
488 3767 596 3826 rostris
616 3775 646 3825 et
665 3785 741 3843 quaa
762 3767 793 3825 in
814 3767 880 3825 foro
895 3768 1028 3827 Traiano
1050 3769 1211 3829 memoriae
1231 3779 1279 3829 eut
1299 3771 1440 3831 traditum
1458 3791 1527 3831 con·

200 3867 320 3926 stitutus
334 3868 439 3940 luisse,
460 3885 639 3944 componere
652 3886 761 3946 operae
782 3867 899 3929 videtur
919 3869 1048 3947 pretium
1069 3887 1146 3943 esee,
1168 3871 1220 3931 aed
1241 3873 1322 3949 quod
1344 3872 1437 3932 ocium
1451 3892 1525 3933 non·

199 3968 271 4026 dum
292 3968 476 4046 compositae
497 3977 575 4028 aunt.

1255 4108 1292 4167 Ε.
1314 4108 1481 4169 Boauuuu.
