3480 5804
598 489 648 539 nu
668 488 814 541 umvms
834 490 990 543 ATTICIS.
1385 480 1455 550 113

126 659 281 718 honorarii
302 657 506 717 Romanorum
535 657 574 715 ad
601 658 736 717 homines
767 661 910 719 senatorii
936 663 1050 721 ordinis
1077 671 1213 740 spectant
1238 667 1374 742 inprimis
1394 688 1458 744 eos,

126 761 179 836 qui
199 760 370 836 provincias
392 759 677 818 administraverint.
723 758 836 819 Contra
858 779 935 837 qnae
958 761 1072 824 Seneca
1092 784 1138 842 ep.
1155 767 1205 838 95,
1220 765 1260 824 42
1282 767 1320 827 de
1339 769 1376 828 P.
1397 771 1458 830 Oc·

126 861 208 919 tario
230 868 348 932 narrat,
369 861 407 918 ab
430 880 465 919 eo
487 861 631 930 mullum,
654 879 743 936 quem
765 861 907 921 Tiberius
931 861 1044 922 Caesar
1064 866 1095 922 in
1117 867 1276 926 macellum
1297 868 1407 929 deferri
1428 882 1458 932 et

126 962 230 1021 venire
249 962 406 1034 iussisset,
428 962 541 1038 ingenti
562 962 659 1037 pretio
681 969 792 1020 emtum
815 980 892 1034 esse,
915 964 1003 1022 etiam
1026 965 1063 1023 ad
1085 967 1170 1025 illum
1192 969 1374 1043 praelectum
1396 973 1457 1031 Ae-

125 1063 211 1140 gypti
235 1062 341 1120 referri
368 1070 509 1137 possunt,
536 1064 713 1137 praesertim
740 1082 808 1120 cum
835 1065 982 1122 eiusmodi
1008 1066 1130 1125 luxuria
1155 1068 1340 1144 frequentior
1366 1074 1456 1132 etiarn

124 1164 156 1222 in
182 1163 287 1223 ordine
312 1163 446 1239 equestri
472 1181 563 1240 qnam
589 1165 620 1221 in
647 1164 800 1222 senatorio
824 1165 920 1223 fuisse
946 1167 1092 1225 videatur.
1136 1167 1213 1228 Cum
1235 1190 1306 1229 vero
1333 1182 1456 1250 uterque

125 1263 161 1322 P.
178 1263 325 1323 Octavius
345 1264 427 1323 idem
448 1281 515 1322 esse
536 1283 597 1322 non
618 1267 724 1341 possit,
745 1265 821 1322 nihil
842 1266 974 1343 impedit,
996 1269 1154 1343 quominus
1171 1270 1256 1329 illum
1272 1274 1454 1347 praefectum

124 1365 215 1423 buius
235 1365 425 1442 proconsulis
448 1374 563 1441 patrem
585 1365 679 1424 fuisse
699 1374 847 1443 putemus.
892 1366 1076 1442 Temporum
1096 1370 1227 1429 rationes
1248 1373 1318 1432 hnic
1340 1377 1456 1434 coniec-

125 1474 210 1525 turae
236 1467 354 1537 tavent3
382 1474 539 1542 praeterea
564 1466 670 1524 titulus
697 1467 818 1524 Atticus
844 1467 1028 1526 demonstrat
1053 1469 1154 1528 Publii
1182 1469 1303 1530 Octavii
1329 1494 1455 1550 procon-

126 1567 203 1626 sulis
223 1575 339 1644 patrem
360 1567 431 1625 item
454 1566 595 1625 Publium
615 1566 725 1640 fuisse,
747 1566 831 1627 cuius
853 1568 896 1625 rei
919 1586 955 1627 eo
976 1569 1072 1629 maius
1093 1581 1274 1630 momentum
1295 1584 1352 1646 est,
1373 1577 1455 1650 quod

126 1666 183 1725 boc
213 1685 396 1744 praenomen
423 1675 578 1744 praeterea
603 1669 635 1725 in
664 1668 721 1725 hac
749 1676 838 1746 gente
866 1669 986 1747 omuino
1014 1688 1075 1728 non
1102 1673 1261 1731 invenitur.
1316 1673 1455 1752 Denique

125 1767 214 1827 etiam
237 1768 320 1829 aliud
340 1769 380 1826 ad
400 1770 478 1826 hanc
498 1769 698 1827 coniecturam
720 1769 952 1828 confirmandam
971 1771 1073 1829 valere
1093 1779 1182 1848 puto:
1205 1773 1320 1833 Omnes
1342 1777 1457 1836 scilicet

127 1868 262 1943 Ostorii,
291 1873 342 1948 qui
364 1872 476 1932 liberae
497 1870 681 1946 reipublicae
702 1877 835 1947 tempore
856 1871 894 1929 ad
916 1871 1110 1947 magistratus
1132 1874 1261 1934 maiores
1283 1894 1454 1950 pervenere,

126 1989 165 2029 ex
186 1969 243 2031 On.
267 1971 387 2032 Octavii
409 1972 494 2044 Ruti,
516 1971 686 2047 quaestoris
708 1989 787 2028 anno
803 1969 863 2029 230
878 1991 906 2029 a.
923 1970 1004 2043 Chn,
1025 1973 1168 2049 progenie
1189 1982 1259 2033 sunt
1279 1976 1456 2051 (Drumann

125 2070 207 2131 Hist.
226 2073 314 2132 Rom.
333 2073 377 2132 1v
399 2092 428 2149 p.
444 2071 529 2148 218).
573 2073 675 2147 Atque
701 2073 823 2130 maioris
850 2073 969 2149 quidem
991 2072 1060 2145 filii,
1088 2072 1143 2132 Cn.
1167 2066 1287 2134 Octavii
1307 2080 1456 2153 praetoris

128 2171 188 2231 205
203 2193 230 2232 a.
246 2172 317 2233 Chr.
340 2175 469 2251 posteri,
492 2173 545 2249 qui
565 2172 605 2230 ad
626 2190 759 2232 summos
781 2173 812 2230 in
833 2173 987 2248 republica
1007 2175 1136 2232 honores
1158 2186 1372 2252 pervenerunt,
1394 2197 1456 2237 om-

125 2291 180 2333 nes
203 2284 256 2333 aut
281 2274 375 2335 Gnaei
394 2284 447 2334 aut
467 2273 568 2333 Marci
588 2292 770 2350 praenomen
791 2283 962 2349 gesserunt,
990 2282 1110 2349 praeter
1130 2294 1221 2334 unum
1243 2275 1365 2337 Lucium
1386 2297 1457 2338 oon·

126 2375 224 2434 sulem
245 2377 285 2435 75
300 2396 328 2436 a.
344 2373 415 2436 Obr.
457 2375 586 2435 Minoris
606 2374 662 2432 filii
684 2372 720 2432 C.
738 2373 857 2433 Octavii
878 2375 1036 2450 progenies
1058 2375 1089 2433 in
1111 2376 1214 2434 ordine
1236 2381 1368 2454 equestri
1389 2398 1457 2455 per-

126 2478 236 2535 mansit
256 2495 352 2554 usque
373 2477 412 2535 ad
426 2474 461 2536 C.
477 2475 638 2536 Octauium
657 2482 826 2551 praetorem
843 2474 879 2532 61
897 2492 925 2532 a.
943 2473 1025 2547 Chr,
1047 2475 1179 2551 Augusti
1193 2485 1325 2552 patrem3
1347 2479 1457 2554 quibus

127 2578 268 2637 omnibns
295 2595 477 2654 praenomen
502 2576 595 2636 Gaius
624 2591 779 2634 commuue
807 2584 862 2633 cst.
904 2576 1011 2650 Itaque
1032 2576 1063 2632 in
1084 2576 1140 2633 hac
1162 2578 1285 2653 antiqua
1305 2579 1458 2655 nobilique

126 2679 226 2754 gentis
248 2678 394 2739 Octaviae
420 2679 514 2755 stirpe
541 2677 657 2735 nullum
683 2676 741 2733 fuit
765 2693 947 2753 praenomen
976 2675 1035 2733 nisi
1059 2674 1175 2734 Gnaeus
1196 2676 1336 2754 (sexies),
1365 2678 1458 2739 Gaius

128 2777 277 2855 (qnater),
298 2779 421 2838 Murcum
442 2777 515 2854 (ter)
538 2784 568 2836 et
590 2777 683 2836 semel
704 2775 826 2836 Lucius.
869 2774 984 2835 Contra
1004 2778 1092 2851 pauci
1113 2777 1157 2834 illi
1180 2777 1310 2850 Octavii,
1332 2780 1383 2855 qui
1404 2780 1458 2838 im·

126 2887 297 2957 paratorum
324 2888 422 2939 aetate
449 2879 579 2938 honores
606 2877 707 2954 adepti
735 2886 822 2948 sunt,
855 2877 916 2935 alia
943 2878 1138 2953 praenomina
1165 2879 1284 2938 habent.
1332 2879 1459 2939 Praeter

127 2980 261 3039 Rebilum
293 2988 452 3057 utrumque
480 2980 528 3038 hic
555 2979 586 3036 in
616 2997 737 3038 censum
765 2978 847 3037 venit
878 2977 1001 3048 Quintus
1031 2977 1174 3037 Octavius
1205 2977 1324 3058 Sagitta
1350 2989 1387 3040 tr.
1415 2981 1458 3058 pl.

129 3081 168 3140 58
187 3099 218 3157 p.
234 3079 305 3141 Chr.
312 3102 321 3153 ;
347 3099 436 3158 quem
458 3080 583 3138 Tacitus
609 3079 728 3156 quidem
752 3078 845 3154 (Anu.
866 3079 953 3149 XIIl,
969 3079 1019 3136 44.
1040 3078 1121 3137 Hist.
1137 3079 1193 3153 IV,
1209 3081 1263 3156 44)
1286 3082 1351 3140 siue
1372 3099 1458 3156 prae-

127 3183 247 3241 nomine
268 3183 413 3256 nominat,
433 3182 508 3240 illud
529 3187 630 3239 autem
651 3198 832 3255 praenomen
854 3181 944 3237 estin
960 3179 1045 3238 titulo
1068 3179 1207 3255 (Henzen
1222 3182 1348 3257 5177u),
1370 3199 1459 3257 quem

127 3281 332 3360 Nipperdeius
354 3283 392 3341 ad
414 3301 481 3341 eum
503 3283 601 3341 locum
624 3276 761 3356 affert¹).
801 3278 976 3338 Ceterorum
992 3279 1187 3338 Octaviorum
1209 3283 1261 3356 qui
1282 3283 1340 3339 hac
1360 3289 1457 3340 aetate

128 3384 248 3442 suerunt
269 3384 412 3443 senatorii
432 3384 557 3453 ordinis,
579 3382 774 3457 praenomina
795 3389 867 3438 nota
884 3399 945 3439 non
961 3379 1070 3456 suntl)
1092 3380 1244 3454 (Octauiae
1258 3382 1369 3439 Fronto
1384 3381 1457 3439 Tuo.

128 3483 255 3558 anull,
271 3485 321 3545 33.
347 3484 483 3544 Octauius
504 3484 608 3541 Auitus
630 3481 710 3540 Plin.
733 3480 820 3557 epist.
837 3480 866 3551 9,
883 3479 932 3551 33,
948 3479 992 3554 9).
1037 3477 1122 3552 Quae
1143 3498 1209 3538 cnm
1231 3481 1273 3538 ita
1295 3481 1365 3551 sint,
1387 3500 1458 3539 num

128 3585 218 3644 nimis
240 3585 341 3643 audax
363 3587 435 3655 sim,
462 3585 487 3643 si
509 3583 578 3642 inde
600 3582 739 3658 colligam
761 3582 913 3657 antiquam
935 3580 1018 3637 illam
1040 3590 1129 3655 atque
1151 3580 1280 3639 nobilem
1302 3580 1457 3661 familiam,

130 3704 207 3763 quae
232 3685 345 3744 liberae
369 3685 553 3762 reipublicae
581 3694 714 3760 tempore
740 3683 857 3753 floruit,
883 3699 1010 3758 prorsus
1039 3682 1218 3739 exstinctam
1245 3700 1328 3753 esse,
1356 3682 1398 3739 ita
1426 3691 1458 3739 ut

129 3793 248 3864 practer
275 3784 310 3845 C.
333 3785 493 3846 Octavium
520 3786 572 3861 qui
599 3784 760 3860 adoptione
786 3783 816 3840 in
844 3792 961 3861 gentem
988 3782 1096 3841 Iuliam
1122 3783 1243 3841 transiit
1268 3784 1458 3862 Augustique

128 3895 234 3964 postea
257 3906 367 3947 nomeu
392 3886 519 3964 adeptus
547 3895 607 3956 est,
633 3885 757 3942 ultimus
779 3883 867 3943 huius
890 3884 993 3959 stirpis
1014 3883 1106 3941 fuerit
1125 3884 1166 3941 M.
1190 3882 1336 3943 Octavius
1359 3883 1456 3944 cn.f.

128 3988 170 4046 M.
193 4009 239 4059 n.,
264 3988 330 4047 aed.
353 4006 413 4046 cur.
442 4005 520 4045 anno
541 3986 580 4045 50
600 4004 627 4043 a.
644 3983 731 4057 che,
758 3985 808 4060 qui
834 4004 912 4042 anno
935 3985 971 4041 31
994 4003 1019 4042 a.
1037 3982 1108 4042 Chr.
1137 3986 1217 4061 apud
1238 3986 1359 4045 Actium
1380 3986 1458 4062 parti
1514 4037 1516 4040 Α

130 4089 237 4148 classis
259 4089 385 4147 Antonii
412 4087 542 4165 praefuit
568 4086 745 4162 (Drumann
766 4086 785 4142 l.
806 4086 826 4142 l.
849 4106 877 4162 p.
895 4083 978 4160 226).
1022 4084 1086 4144 Eos
1111 4085 1201 4160 igitur
1223 4085 1380 4158 Octavios,
1406 4087 1458 4161 qui

130 4191 342 4266 imperatorum
369 4196 466 4248 aetate
492 4189 622 4247 honores
648 4187 749 4263 adepti
771 4194 854 4257 sunt,
880 4194 944 4243 tum
966 4186 1084 4243 demum
1106 4204 1145 4242 ex
1165 4186 1357 4245 inferioribus
1379 4185 1458 4243 ordi-

130 4292 219 4349 nibus
240 4289 271 4348 in
294 4291 477 4349 senatorium
499 4290 632 4347 ordinem
654 4286 826 4347 escendisse
849 4293 1079 4346 cousentaneum
1102 4292 1156 4343 est.
1193 4285 1261 4358 Quo
1283 4287 1381 4343 minus
1403 4284 1458 4341 mi-

130 4411 197 4450 rum
219 4399 278 4461 est,
306 4390 343 4449 P.
367 4389 526 4450 Octavium
548 4388 757 4466 proconsulem
779 4387 887 4463 equitis
909 4385 1037 4444 Romani
1061 4385 1153 4443 tilium
1175 4401 1259 4457 esse,
1281 4383 1457 4460 praesertim

210 4652 233 4715 ¹)
262 4653 366 4704 Certum
386 4669 447 4704 sane
467 4670 519 4704 non
538 4662 584 4715 est,
605 4662 688 4702 utrum
702 4654 746 4702 ille
759 4652 880 4702 Octavius
894 4651 1002 4714 Sagitta,
1022 4650 1105 4713 quiin
1119 4648 1192 4697 tltnlo
1206 4654 1253 4710 εει,
1273 4648 1341 4696 idem
1355 4647 1388 4696 ait
1401 4661 1458 4696 eum

133 4746 237 4795 tribuno
255 4745 339 4809 plebis
357 4760 404 4796 nee
423 4761 464 4795 ne.
497 4745 549 4798 Sed
569 4752 596 4794 ut
616 4760 668 4794 non
687 4745 720 4792 sit
739 4744 815 4802 idem,
837 4749 923 4791 tamen
942 4743 968 4789 in
987 4755 1018 4789 ea
1036 4737 1374 4801 familiagentisOetaviac‚
1395 4752 1459 4801 quae

133 4838 248 4903 Sagittae
268 4851 411 4900 cognomen
429 4837 542 4902 gerebat,
562 4836 626 4884 illud
645 4849 809 4899 praenomen,
830 4848 846 4881 a
864 4832 991 4880 veteribus
1004 4830 1117 4880 Octaviis
1136 4829 1256 4890 alienum,
1276 4830 1355 4879 tuisse
1375 4843 1407 4878 ex
1428 4843 1458 4877 eo

133 4928 209 4978 titulo
228 4936 348 4992 apparet;
368 4928 438 4992 quod
457 4927 552 4977 sufficit
571 4925 650 4975 adid
669 4925 737 4989 quod
757 4925 816 4973 uolo
835 4923 1004 4987 probandum.

210 5017 235 5080 ²)
263 5019 295 5068 In
314 5018 463 5069 bominibus
481 5018 632 5067 inferiorum
651 5016 772 5064 ordinum
790 5015 867 5065 etiam
886 5015 936 5064 aliu
950 5013 1117 5078 praenomina
1128 5012 1301 5073 inveniuntur,
1320 5012 1389 5062 velut
1401 5007 1459 5060 Ma-

133 5110 192 5161 nius
210 5117 237 5161 et
256 5106 374 5162 Decimus
392 5109 439 5173 (11,
459 5109 512 5160 ind.
533 5124 552 5158 s.
572 5124 597 5158 r.
617 5106 756 5167 Octauius).

1216 5192 1234 5247 8
