3480 5804
477 489 776 544 ossnavsmouns
792 489 911 542 nmen.
926 491 990 541 vn.
1004 491 1083 543 v111.
1368 476 1438 547 143

115 664 157 740 (a.
171 662 352 739 ala-222)
374 670 426 722 aut
447 665 503 723 sub
518 661 693 722 Alexandro
715 662 757 738 (a.
775 660 954 738 att-235)
976 662 1150 722 Britanniae
1171 664 1346 741 praefuerit3
1368 669 1440 726 mihi

112 774 214 825 tamen
235 765 311 823 haec
330 765 504 823 coniectura
523 783 628 840 parum
650 765 803 841 probatur.

197 866 287 924 Addo
313 865 399 924 locos
425 864 570 940 quosdam
598 872 770 937 auctorum,
801 865 854 941 qui
885 838 923 922 ad
952 864 1031 922 hunc
1057 862 1201 924 Sabinum
1235 868 1338 927 referri
1373 889 1441 947 pos·

114 968 184 1026 sint.
233 964 347 1025 Narrat
372 966 424 1042 qui
452 966 542 1024 vitam
570 965 727 1042 Elagabali
756 965 876 1041 scripsit
901 985 926 1024 c.
945 965 982 1024 16
1010 967 1069 1024 sic:
1097 966 1237 1026 saonam
1265 972 1441 1031 consularem

113 1070 219 1137 meson,
246 1069 289 1125 ad
313 1086 394 1142 quem
419 1067 507 1125 libros
533 1065 677 1143 Ulpianus
702 1066 872 1142 scripsit1),
900 1068 979 1141 quod
1003 1069 1034 1123 tn
1060 1068 1128 1125 urbe
1151 1074 1333 1132 remansisset
1357 1074 1440 1149 (nam

113 1168 246 1227 iusserat
265 1167 429 1245 imperator
449 1175 586 1226 senatum
608 1168 682 1227 urbe
702 1165 858 1242 decedere)
883 1176 981 1226 nocato
1002 1171 1161 1227 centurione
1180 1173 1360 1234 mollioribus
1380 1195 1442 1234 oer-

115 1269 159 1327 lis
185 1271 270 1327 iussit
295 1269 403 1328 occidi:
427 1270 480 1327 sed
503 1272 629 1327 centurio
655 1288 726 1328 aare
751 1269 881 1327 surdiori
907 1270 1045 1343 imperari
1070 1269 1128 1327 sibi
1152 1273 1289 1344 eredidit,
1317 1286 1348 1333 at
1372 1277 1443 1335 arbe

110 1370 280 1445 pelleretur:
307 1372 350 1428 sic
374 1373 472 1428 citiam
498 1373 669 1429 eenmrionis
690 1367 800 1430 Sabino
826 1370 916 1427 solati
932 1370 1007 1442 suit,
1034 1387 1131 1446 neque
1152 1373 1310 1449 quiequam
1332 1377 1442 1448 obstat,

114 1469 275 1546 quominus
303 1489 368 1529 eam
397 1471 651 1530 narratiunculam
678 1470 716 1528 ad
745 1467 888 1530 Sabinum
916 1477 1051 1528 nostrum
1080 1471 1261 1545 referamus3
1294 1477 1348 1535 sed
1375 1479 1442 1553 pari

114 1571 180 1629 iure
207 1571 356 1647 pertinere
380 1581 480 1648 potest
506 1572 545 1630 ad
571 1572 608 1630 P.
635 1570 756 1630 Catium
785 1568 930 1631 Sabinum
959 1571 1111 1630 consulem
1138 1591 1167 1632 a.
1187 1573 1257 1634 216.
1281 1609 1319 1620 -
1353 1574 1442 1650 Quod

114 1669 177 1730 Dio
203 1673 308 1731 scribit
330 1673 386 1745 76,
402 1672 421 1731 9
446 1672 615 1732 Pollenium
642 1669 812 1733 Sebennum
838 1672 1010 1730 delatorem
1027 1673 1084 1731 sub
1110 1670 1223 1733 Severo
1249 1686 1356 1752 postea
1380 1678 1443 1739 No-

114 1772 197 1846 ricis,
218 1791 294 1850 quos
315 1773 393 1832 male
414 1772 694 1846 administravisset,
716 1773 754 1832 ad
774 1791 901 1850 poenam
923 1773 1098 1832 sumendam
1118 1773 1249 1834 deditum
1272 1795 1339 1836 esse
1354 1797 1373 1837 a
1388 1778 1443 1841 Sa·

114 1872 187 1932 bino
211 1864 394 1951 (inesbrie
377 1896 431 1932 ono
423 1866 585 1936 Σαβίνου
606 1876 664 1930 τοῖς
649 1876 828 1956 prmois,
854 1862 891 1931 aio
877 1836 1006 1956 ariagne
1027 1862 1108 1930 aldio
1128 1898 1256 1958 χρηστον
1278 1870 1443 1949 introivisse,

115 1964 262 2050 αἴσχιστα
280 1964 435 2050 πέπονθε),
456 1994 554 2053 neque
569 1976 644 2034 satis
658 1974 802 2052 intellego
816 1994 871 2035 nec
884 1977 981 2052 magis
995 1975 1033 2033 ad
1047 1992 1206 2051 quemnam
1220 1974 1362 2038 Sabinum
1377 1999 1442 2056 per·

114 2074 210 2132 tinest
229 2075 386 2152 perspicio.
404 2108 442 2119 -
463 2074 603 2152 Denique
618 2073 748 2136 Sabinus
769 2076 797 2135 is
818 2077 872 2153 qui
892 2077 1108 2153 praefecturam
1129 2078 1213 2137 urbis
1235 2087 1306 2154 post
1319 2101 1444 2140 munera

115 2175 270 2253 complura
283 2174 454 2235 consularia
473 2163 686 2236 administrans
707 2195 734 2234 s.
748 2176 808 2236 237
829 2177 862 2234 in
883 2178 1012 2236 tumultu
1033 2178 1116 2237 civili
1137 2177 1275 2255 periit2),
1297 2190 1396 2256 potest
1416 2184 1443 2240 is

114 2276 181 2352 ipse
201 2292 281 2349 cese,
302 2276 340 2336 de
361 2295 421 2354 quo
442 2277 574 2354 agimus3
596 2294 778 2353 quamquam
800 2276 849 2335 hic
870 2294 989 2353 quoquc
1010 2279 1081 2335 item
1103 2279 1140 2335 de
1160 2279 1197 2337 P.
1221 2277 1307 2339 Catio
1330 2279 1444 2341 Sabino

114 2377 240 2456 cogitari
261 2385 367 2454 potest.
404 2374 485 2438 Sane
498 2379 576 2436 sicut
589 2378 677 2436 nobis
692 2377 844 2448 successit,
866 2385 899 2434 ut
914 2395 971 2452 ope
985 2376 1137 2435 titulorum
1152 2398 1247 2456 nuper
1259 2391 1443 2458 repertorum

114 2478 223 2537 horum
244 2487 412 2554 temporum
433 2478 591 2556 caliginem
612 2478 792 2555 quibusdam
813 2478 975 2537 luminibus
996 2476 1230 2552 illustraremus,
1256 2481 1299 2539 ita
1320 2500 1444 2558 speran-

115 2579 186 2638 dum
208 2587 256 2639 eat
275 2579 350 2653 iore,
372 2589 405 2637 ut
424 2579 644 2655 posterioribus
665 2597 795 2656 quoque,
822 2578 909 2636 modo
930 2577 1039 2636 curiosi
1061 2596 1130 2639 csse
1151 2588 1286 2657 pergant,
1307 2583 1444 2642 similiter

116 2680 271 2759 contingat
291 2681 329 2738 ab
350 2679 400 2739 his
419 2680 662 2756 temptaminibus
684 2680 840 2758 pervenire
861 2679 900 2738 ad
922 2679 1065 2751 ulteriora
1086 2688 1117 2740 et
1137 2682 1272 2741 certiora.

302 3106 393 3174 Vlll.
436 3111 622 3175 TITVLVS
644 3110 830 3174 ATTICVS
852 3109 987 3177 FRVGI
1007 3111 1063 3172 ET
1084 3109 1262 3175 PISONlS.

202 3257 317 3335 Viginti
339 3258 448 3317 abhinc
469 3256 556 3316 annis
578 3277 617 3316 ex
638 3257 794 3333 parietinis
814 3257 1001 3316 Athenarum
1023 3275 1101 3332 quae
1122 3258 1243 3317 emersit
1263 3259 1346 3319 basis
1368 3280 1445 3319 mar·

117 3359 210 3419 moris
229 3358 376 3420 Pentelici
397 3365 538 3438 prostans
560 3357 650 3416 hodie
671 3359 709 3416 ad
731 3358 952 3418 Parthenonem
974 3357 1157 3417 occidentem
1180 3359 1325 3434 versus³)
1387 3413 1392 3425 ,

486 3491 509 3536 0
530 3491 637 3536 annot
715 3466 719 3473 ’

362 3627 495 3674 assuas
546 3625 748 3670 sannormou
838 3626 963 3670 aaaron
1033 3625 1198 3668 nrnnnrou

363 3727 493 3774 nastros
520 3727 595 3772 nou
624 3727 751 3771 osianna
839 3725 1064 3770 morosicon
1092 3715 1199 3772 troni

364 3827 751 3875 amorraeussnrnasns
840 3827 1201 3872 ainornzsnssnrnzna

518 3927 604 3971 arou
977 3928 1079 3973 aaron

118 4054 155 4096 ea
168 4034 289 4094 nomine
302 4033 440 4112 insignis,
457 4031 537 4109 quod
553 4031 630 4090 duos
645 4031 772 4090 duarum
785 4032 1039 4091 nobilissimarum
1051 4031 1231 4091 familiarum
1242 4031 1445 4092 Romanarum

118 4137 200 4196 siros
221 4135 387 4212 coniungit,
412 4133 469 4193 etsi
491 4150 551 4191 non
573 4131 667 4192 semel
687 4132 799 4209 prodiit
820 4133 972 4209 descripta
991 4140 1052 4192 tam
1074 4151 1093 4190 a
1114 4132 1244 4192 Pittacio
1265 4128 1349 4209 (Ἐφ.
1372 4131 1444 4215 ἆρχ.

196 4393 221 4456 ¹)
248 4394 354 4447 Scilicet
383 4392 500 4443 contudit
527 4391 637 4456 scriptor
663 4391 769 4440 inscitus
793 4405 851 4441 cum
876 4391 975 4443 Sabino
997 4389 1047 4439 hoc
1070 4389 1213 4439 Massurium
1233 4388 1357 4441 Sabinum
1383 4390 1446 4439 iuris

119 4491 249 4536 auctorem
268 4483 542 4534 messanensem.

174 4587 177 4593 '
194 4573 221 4639 ¹>
249 4575 413 4626 Herodianus
427 4574 452 4636 l,
468 4576 497 4623 7:
519 4567 577 4640 ipya
594 4566 706 4638 πολίμου
725 4564 847 4636 Ιμῴυλίου
865 4566 966 4639 bivero,
988 4562 1018 4626 ric
1035 4566 1075 4620 nal
1088 4556 1292 4634 nitriensihus
1304 4558 1447 4640 Ικᾶρχοπα

119 4656 182 4737 pud
201 4654 306 4736 ςρᾶξιις
328 4652 429 4722 πολλὰ
445 4651 563 4719 inarserit
587 4659 714 4726 (Σαβῖνος
732 4655 760 4709 di
777 4649 810 4724 ἦν’
824 4649 901 4729 ὄνομα
920 4653 1000 4727 sirii)
1018 4650 1170 4730 βουλὸμενον
1188 4657 1299 4710 κωλῦσαι
1316 4652 1349 4710 roi
1366 4650 1447 4728 ytyvo'-

118 4774 181 4827 psoa
198 4745 267 4825 gn'ae
290 4752 434 4807 mesina
456 4747 520 4804 sarri
543 4749 587 4802 τοῦ
609 4743 707 4821 sperica
725 4750 882 4816 τελευτῆσαι.
920 4754 982 4804 Vita
1001 4752 1082 4805 Gord.
1104 4754 1151 4804 13:
1176 4760 1234 4803 tune
1257 4759 1282 4801 et
1299 4750 1448 4818 praejectus

119 4848 179 4901 arbi
189 4830 301 4901 Salinas
318 4846 461 4901 comulas·
478 4846 530 4896 ium
546 4845 588 4894 νίν
598 4843 671 4909 suste
684 4859 821 4910 percussus
839 4845 936 4895 occisus
953 4851 978 4894 et
994 4845 1021 4893 in
1038 4841 1139 4910 pulli'eo
1159 4843 1293 4894 derelictas
1307 4850 1358 4904 est,
1378 4844 1447 4893 unda

119 4941 278 5009 apponas·
295 4946 337 4993 aa
351 4938 425 4991 am
442 4937 519 4989 nm
535 4935 604 5014 nas
622 4935 761 4986 murman
779 4951 802 4985 ο.
818 4936 860 4986 rs.
1237 4970 1240 4975 .

152 5070 157 5079 .
194 5029 222 5095 ⁸>
248 5032 283 5085 lu
305 5030 408 5099 pandas
426 5033 503 5097 puta
523 5026 639 5079 mm
662 5026 733 5080 busa
759 5041 824 5094 quse
851 5027 945 5091 scriptu
973 5033 1031 5078 sunt
1059 5018 1069 5074 l
1077 5017 1087 5075 l
1095 5017 1104 5074 l
1132 5029 1256 5074 roulant
1282 5028 1445 5073 russanen

119 5110 651 5191 assuetarum-omma
