3480 5804
666 471 714 520 ns
740 471 884 523 rmvurs
910 471 1064 525 arnrcrs.
1457 454 1529 526 251

207 639 295 697 detur
309 640 348 696 ad
362 647 541 698 senectutem
557 641 741 715 pervenisse3
763 641 871 699 mirum
892 641 970 698 enim
991 650 1080 711 esset,
1101 641 1249 699 hominem
1264 659 1332 700 cum
1354 641 1421 700 aliis
1441 643 1531 703 rebus

208 750 270 798 tum
293 741 366 798 artis
385 742 534 799 oratoriae
548 739 636 798 laude
656 741 802 816 insignem
824 742 855 798 in
868 740 961 798 Plinii
983 741 1119 816 epistolis
1134 759 1281 817 nusquam
1296 742 1530 813 commemorari,

208 840 235 897 si
262 842 415 898 etiamtum
444 849 597 918 superstes
629 840 746 900 fuisset.
795 839 884 914 Quod
909 849 1007 899 tamen
1038 861 1099 900 non
1125 841 1249 917 impedit
1274 841 1434 916 quominus
1461 860 1530 902 eum

208 939 357 1014 prioribus
373 940 538 999 Domitiani
560 942 648 1000 annis
670 941 707 998 ad
729 941 915 1000 consulatum
933 941 1106 1016 pervenisse
1128 949 1158 1000 et
1178 959 1238 999 non
1259 941 1303 998 ita
1321 939 1423 999 multis
1443 941 1529 999 annis

208 1046 277 1112 post
298 1050 448 1098 mortuum
470 1051 646 1100 statuamus.
693 1041 821 1099 Maximi
846 1042 988 1099 momenti
1014 1049 1108 1114 esset,
1136 1041 1163 1100 si
1189 1040 1332 1100 sciremus
1358 1040 1432 1116 quid
1457 1059 1485 1098 v.
1509 1041 1526 1098 3

207 1138 305 1195 medio
339 1141 480 1216 seriptum
512 1141 610 1199 fuerit.
659 1139 738 1200 Nam
771 1141 917 1216 siquidem
946 1151 1016 1218 post
1040 1131 1201 1198 blsrrciaau
1226 1158 1408 1216 praenomen
1432 1140 1527 1216 patris

208 1239 396 1311 sequebatur,
418 1241 482 1298 lieri
503 1259 563 1298 non
583 1249 691 1316 potest,
717 1241 791 1316 quin
812 1241 932 1299 titulum
954 1243 992 1300 ad
1014 1241 1166 1299 consulem
1189 1241 1248 1298 115
1270 1258 1299 1314 p.
1323 1238 1395 1298 Chr.
1416 1239 1528 1296 refera-

208 1355 284 1394 mus.
327 1341 406 1397 Ante
429 1330 617 1410 Gindareni
637 1341 716 1399 enim
736 1341 817 1399 linea
841 1345 847 1397 Ι
871 1352 1016 1418 superest,
1039 1360 1115 1417 quae
1137 1341 1163 1398 si
1184 1339 1305 1398 omnino
1327 1340 1528 1415 praenominis

208 1445 267 1506 est,
294 1439 377 1495 nullo
398 1440 487 1496 modo
508 1448 593 1514 pater
614 1440 723 1499 Latim
745 1451 868 1499 vocatus
895 1459 962 1499 esse
982 1450 1096 1517 potest;
1123 1441 1183 1498 imo
1205 1440 1258 1497 illa
1278 1439 1358 1497 linea
1377 1439 1429 1496 vix
1450 1439 1527 1497 alius

207 1535 312 1594 literae
337 1556 427 1612 quam
448 1544 477 1593 M
500 1530 647 1621 (Μάρκου)
676 1558 743 1600 ease
769 1547 877 1616 potest.
921 1539 981 1600 Sed
1007 1541 1079 1616 quid
1106 1541 1132 1596 si
1158 1539 1211 1596 illa
1231 1538 1312 1596 line'a
1332 1539 1370 1596 ad
1391 1538 1528 1596 ultimum

208 1641 230 1691 N
259 1638 423 1695 accusativi
449 1628 607 1695 Μεσσάλαν
635 1641 790 1716 pertinuit,
817 1642 913 1716 patris
940 1661 1012 1698 vero
1033 1657 1214 1717 praenomen
1241 1641 1362 1697 omnino
1384 1639 1528 1714 scriptum

207 1752 267 1792 non
298 1736 371 1794 suit?
403 1737 489 1810 Quae
516 1740 717 1814 praenominis
743 1742 867 1798 omissio
897 1759 963 1797 cum
991 1741 1029 1796 ab
1055 1759 1091 1796 eo
1118 1739 1186 1814 ipso
1212 1746 1359 1813 tempore,
1393 1744 1472 1795 certe
1497 1737 1528 1794 in

206 1835 300 1893 titulis
322 1834 461 1908 Graecis,
487 1838 621 1913 incipiat,
648 1845 749 1896 tamen
769 1840 825 1911 lic,
853 1840 903 1897 ubi
924 1847 1009 1914 pater
1030 1858 1049 1895 a
1069 1838 1132 1896 filio
1154 1838 1381 1912 distinguendus
1402 1847 1476 1907 erat,
1499 1838 1527 1893 ei

207 1935 319 1993 nullum
347 1936 445 1994 locum
469 1937 564 1995 fuisse
592 1937 702 1995 dixerit
729 1939 887 2015 quispiam.
934 1939 978 1995 At
1003 1956 1058 1994 nec
1084 1937 1149 1994 eius
1175 1937 1294 2010 quidem
1321 1938 1365 1994 rei
1391 1937 1530 2011 exempla

206 2034 324 2106 desunt,
346 2037 439 2094 veluti
454 2028 633 2118 Oiaaspiap]
653 2031 822 2095 Ἀσιατικοῦ
837 2038 889 2112 υἱῷ
909 2039 940 2095 in
957 2037 1043 2094 titulo
1060 2034 1161 2095 Samio
1177 2035 1406 2111 (Waddington,
1426 2034 1529 2092 Fastes

207 2137 256 2192 des
275 2139 422 2210 provinces
443 2135 608 2211 Asiatiqaes
630 2155 659 2211 p.
684 2139 765 2212 195).
810 2136 911 2209 Quare
932 2138 964 2193 in
989 2135 1087 2193 modio
1109 2134 1333 2209 relinquendum
1355 2144 1411 2204 est,
1432 2142 1529 2191 utrum

206 2235 233 2291 is
259 2236 311 2309 qni
336 2236 500 2293 honoratur
524 2237 582 2294 hoc
606 2237 692 2293 titulo
719 2235 757 2294 L.
786 2236 950 2312 Vipstanus
978 2234 1121 2292 Messalla
1148 2251 1208 2292 cos.
1238 2234 1314 2302 115,
1346 2240 1432 2309 pater
1457 2250 1529 2289 vero

207 2316 373 2409 Vipstanus
399 2336 542 2394 Messalla
569 2336 704 2395 tribunus
727 2336 776 2408 69,
805 2336 917 2394 anille
938 2335 1018 2394 filius
1039 2333 1152 2410 alioqui
1173 2333 1303 2408 ignotus,
1326 2338 1529 2407 peierantem

206 2435 310 2493 consul
334 2437 392 2494 115
414 2456 443 2512 p.
465 2434 535 2494 Chr.
559 2437 607 2494 sit.

293 2536 339 2592 10.
366 2537 402 2593 In
429 2543 496 2594 stoa
524 2535 671 2594 Hadriani
702 2544 803 2594 exstat
834 2537 938 2594 tabula
969 2534 1111 2592 mamonis
1139 2532 1286 2591 Pentelici
1319 2532 1356 2590 ab
1390 2530 1528 2589 omnibus

207 2636 342 2710 partibus
363 2637 469 2695 mutila
489 2655 556 2696 cum
578 2637 634 2695 hac
654 2637 860 2712 inscriptione,
882 2655 972 2712 quam
993 2634 1155 2711 exscripsit
1174 2631 1321 2693 Kochler:

844 2775 949 2827 ’.ιΟΥι

759 2874 967 2928 intonuerat

740 2973 1005 3028 ΝοΥΗΡοΝτΡυ

626 3104 630 3110 ι
737 3074 991 3129 ΝκιΛιΑΡκοΝτ

736 3173 972 3229 ΩΝοεηΡΩτΗ
1013 3190 1025 3226 a

724 3254 998 3327 ‘ariamirus

726 3372 988 3425 γΑΔΡιΑΝογκΑ

729 3468 977 3523 ΥτΩκΑιΡΩΠΡι

730 3570 985 3623 rnnreoznno

726 3669 934 3725 tornetasss‘·
1000 3685 1026 3722 ao

291 3806 376 3880 Quae
397 3808 536 3883 quamvis
557 3805 663 3865 mutila
683 3815 782 3862 tamen
804 3801 971 3860 certissime
993 3799 1032 3858 ad
1052 3797 1089 3856 L.
1105 3798 1259 3856 Minicium
1276 3795 1416 3854 Natalem
1437 3793 1534 3853 iunio·

207 3927 269 3967 rem
289 3908 395 3966 referri
415 3915 506 3983 atque
527 3925 567 3965 ex
586 3907 652 3965 eius
672 3904 765 3963 titulis
779 3901 896 3961 Latinis
919 3899 1053 3977 suppleri
1073 3905 1210 3973 possunt
1243 3896 1293 3954 Ex
1308 3895 1416 3971 quibus
1437 3893 1533 3952 titulis

180 4010 322 4082 'integer
350 4016 449 4066 exstat
475 4023 552 4066 unus
583 4005 761 4064 Tiburtinus
788 4000 1052 4076 (Orelli-Henzen
1078 3997 1174 4072 6498)
1207 3996 1297 4055 ceteri
1328 4011 1433 4053 omnes
1459 3994 1530 4070 plus

208 4107 342 4165 minusve
364 4107 463 4165 mutili
484 4101 598 4179 sunt¹).
643 4103 744 4177 Quare
764 4102 849 4161 illius
871 4100 963 4158 verba
983 4101 1032 4157 hic
1053 4098 1229 4156 exscribam.
1265 4094 1304 4152 L.
1327 4094 1459 4152 Minicia.
1491 4091 1529 4149 L.

202 4206 364 4280 fiNawli.
388 4204 568 4274 Quadronio.
596 4204 678 4262 Vero.
704 4221 761 4260 cae.
779 4218 895 4275 maces.
913 4216 998 4274 prov.
1020 4196 1149 4272 Africae.
1172 4197 1285 4270 aspari.
1308 4193 1362 4268 leq.
1385 4192 1462 4266 Aua.
1481 4209 1531 4264 pr.

204 4325 253 4382 pr.
275 4308 443 4381 provinciae
469 4304 601 4362 Moesiae
626 4304 710 4377 inser.
733 4303 861 4360 curatori
887 4315 1003 4374 operam
1027 4296 1207 4370 publicorum
1233 4304 1261 4350 et
1283 4293 1396 4349 aedium
1420 4307 1530 4348 sacrae.

208 4415 299 4465 cerat.
325 4409 389 4464 aiae
414 4404 540 4463 Flamin.
562 4403 660 4478 praes.
687 4403 845 4460 alimentor.
875 4398 928 4473 lea.
955 4395 1032 4470 Aua.
1060 4395 1113 4470 lep.
1142 4394 1188 4453 VI
1211 4395 1290 4451 oieb.
1320 4393 1352 4447 in
1372 4390 1532 4448 Britannia

179 4489 182 4492 Α
204 4510 333 4582 pronora·
357 4506 420 4578 trib.
445 4505 523 4580 pleb.
550 4504 713 4564 candidato.
736 4502 880 4577 qttaeston'
913 4497 1074 4556 candidato.
1105 4494 1187 4552 Dici.
1212 4492 1364 4551 Hadriani
1389 4488 1534 4546 eteoclem

207 4615 328 4683 ternpore
342 4605 435 4681 leqato
445 4623 530 4680 prov.
544 4602 664 4680 Africae
677 4603 833 4661 dioeceseos
849 4598 1061 4674 Cartlaqiaien.
1073 4594 1255 4671 proconsulis
1264 4593 1363 4668 patris
1384 4587 1446 4648 sul.
1466 4585 1531 4644 trib.

285 4861 309 4922 ¹)
333 4861 440 4913 Praeter
459 4860 531 4911 illum
550 4860 663 4924 quinque
680 4859 708 4908 in
727 4857 811 4907 lucem
828 4853 993 4918 prodierunt,
1019 4852 1129 4916 Hispani
1153 4857 1205 4900 tres
1223 4848 1259 4909 11,
1279 4846 1352 4897 4509
1372 4843 1417 4906 (·-·
1438 4839 1532 4893 Or.-H.

209 4953 299 5012 5450).
318 4953 399 5004 4510.
418 4952 500 5014 4511,
519 4950 689 5004 viterbiensis
708 4946 853 5013 (Borghesi,
872 4944 960 4998 amali
973 4936 1033 4995 dell'
1047 4943 1111 4996 lnst.
1126 4941 1196 4994 1849
1215 4954 1242 5006 p.
1256 4936 1319 4998 223)
1339 4942 1365 4986 et
1378 4931 1533 4987 Tiburtinas

208 5044 273 5093 alter
290 5041 382 5102 (Orelli
401 5042 491 5102 1551).
