3480 5804
252 461 325 533 140
820 478 1000 532 mommsen

248 652 450 728 inopportuno
470 650 590 708 silentio
607 649 744 708 laterculi
764 650 795 707 in
817 650 1030 708 commentario
1051 659 1163 708 tacens.
1199 649 1300 724 Quare
1321 668 1388 709 cum
1411 651 1486 709 satis
1503 670 1575 710 een·

249 762 329 811 stare
350 751 484 810 videatur
505 750 634 808 Bassum
655 770 739 822 eum,
764 751 818 827 qui
839 751 937 810 fasces
958 751 1054 826 gessit
1077 752 1184 809 iterum
1205 770 1233 809 a.
1250 749 1321 824 271,
1348 750 1576 829 0010οἐ00000-

248 847 348 922 θωτῆν
373 842 469 920 erciam
487 843 627 916 'arariam
652 850 682 909 id
708 860 754 909 est
779 852 871 910 tetius
892 851 1000 910 Italiae
1025 860 1221 910 correctorem
1247 851 1355 925 luisse,
1384 852 1489 910 eodem
1511 836 1576 911 sine

249 954 340 1013 dubio
365 971 501 1024 munere,
528 952 592 1010 sive
612 951 880 1011 extraordinarium
901 952 932 1010 id
953 969 990 1011 eo
1012 960 1146 1028 tempore
1166 952 1223 1010 tuit
1243 953 1306 1012 sive
1327 953 1492 1031 legitimum
1515 953 1575 1011 iam

249 1063 280 1114 et
308 1054 469 1124 sollemne,
500 1053 569 1110 item
598 1053 761 1129 imperante
790 1051 948 1112 Caracalla
976 1051 1105 1114 Sabinus
1133 1052 1254 1112 iunctus
1282 1060 1336 1112 est.
1384 1054 1511 1113 Accedit
1538 1051 1578 1110 ad

249 1155 305 1214 hos
332 1154 408 1213 duos
434 1153 552 1223 titulos,
580 1169 657 1228 quae
682 1154 811 1230 scriptor
833 1154 960 1213 vitarum
985 1154 1108 1230 triginta
1131 1162 1327 1231 tyrannorum
1348 1173 1374 1213 e.
1393 1155 1431 1212 14
1457 1152 1577 1212 (1οΤ0-

249 1257 323 1314 trice
351 1263 454 1313 namet
473 1273 541 1312 eum
562 1254 601 1312 ab
621 1255 785 1313 Aureliano
806 1263 965 1331 postquam
987 1254 1121 1314 devictus
1142 1264 1223 1313 esset
1243 1255 1354 1313 iactum
1375 1272 1443 1314 esse
1465 1271 1578 1313 corree-

249 1365 336 1415 terem
360 1359 446 1415 tetius
472 1355 594 1427 Italiae,
620 1356 653 1412 id
676 1363 718 1413 est
739 1355 915 1431 Campaniae
940 1355 1055 1415 Samnii
1078 1354 1230 1415 Lucaniae
1249 1355 1428 1416 Bruttiorum
1448 1355 1579 1432 Apuliae

250 1457 403 1517 Calabriae
427 1455 568 1514 Etruriae
593 1464 679 1531 etque
704 1454 837 1515 Umbrica
863 1455 962 1515 Piceni
987 1467 1013 1516 et
1034 1456 1200 1516 Flaminiae
1225 1460 1371 1533 omnaque
1397 1459 1578 1516 annonariae

247 1561 382 1635 rapieris.
418 1554 503 1630 Quae
524 1557 656 1615 narratio
677 1557 809 1615 auctoris
831 1575 905 1616 sane
925 1557 1003 1616 levis
1025 1556 1122 1615 adhuc
1135 1557 1246 1617 reiecta
1258 1565 1306 1617 est
1319 1567 1481 1634 prepterea
1493 1557 1578 1634 qaod

249 1665 280 1718 et
303 1659 404 1734 plures
431 1666 461 1716 et
486 1658 626 1717 meliores
647 1657 848 1734 scriptores¹)
874 1677 891 1716 e
913 1659 1063 1717 contrario
1085 1667 1224 1717 asserunt
1244 1657 1397 1718 Tetricum
1418 1659 1457 1717 ab
1478 1659 1579 1716 Aure·

248 1760 331 1818 liano
353 1767 549 1819 correctorem
571 1758 681 1817 factum
703 1775 770 1817 esse
791 1757 943 1817 Lucaniae
965 1768 995 1818 et
1014 1758 1096 1835 qnod
1117 1767 1268 1818 corrector
1288 1759 1396 1818 Italiae
1416 1761 1578 1819 universae

248 1878 355 1919 munus
382 1868 447 1918 eret
470 1858 637 1917 inauditnm
664 1867 726 1916 tum
753 1867 783 1917 et
807 1868 962 1934 praeterea
988 1859 1078 1936 plane
1103 1860 1246 1936 ignotum.
1288 1859 1354 1918 Iam
1381 1869 1450 1935 post
1470 1857 1578 1919 Sabini

248 1960 397 2036 Bessique
419 1959 524 2018 titulos
549 1967 684 2037 repertos
705 1957 801 2035 magis
822 1959 977 2035 probabile
997 1969 1045 2018 est
1065 1968 1266 2019 correctorem
1286 1960 1373 2020 initio
1394 1959 1578 2038 pertinuisse

249 2064 287 2122 ad
308 2062 427 2121 Italiam
453 2062 639 2132 universam,
665 2066 770 2136 postea
795 2057 914 2118 demum
940 2059 1037 2119 divisa
1057 2061 1148 2119 Italia
1172 2061 1303 2138 partium
1323 2070 1510 2121 correcturas
1530 2061 1578 2120 in-

248 2166 371 2224 stitutas
396 2180 476 2235 esse,
501 2161 571 2220 illos
593 2170 691 2219 autem
713 2159 875 2236 scriptores
897 2160 945 2219 vel
965 2160 1066 2236 potins
1087 2179 1191 2220 eorum
1213 2168 1366 2221 auctorem
1388 2181 1578 2221 communem

248 2265 386 2324 instituto
416 2281 489 2322 suae
519 2261 626 2320 aetatis
658 2261 813 2337 deceptum
845 2277 899 2336 pre
932 2268 1104 2320 correctura
1132 2261 1239 2320 Italiae
1273 2263 1365 2323 tetius
1398 2263 1475 2322 male
1504 2263 1576 2322 snlr

247 2366 383 2425 stituiase
414 2362 545 2440 regionis
576 2360 740 2420 cuiusdam.
789 2361 827 2419 ln
856 2361 961 2438 paucis
993 2362 1178 2421 documentis
1207 2380 1284 2438 quae
1313 2363 1457 2423 hebemus
1484 2365 1576 2442 perti·

246 2466 385 2527 uentibus
416 2464 455 2523 ad
482 2470 617 2540 tempora
643 2461 742 2533 Taciti
773 2470 803 2520 et
830 2461 924 2520 Probi
952 2470 1134 2522 correctores
1162 2462 1260 2522 adhuc
1287 2464 1363 2522 nulli
1391 2475 1576 2542 comparant.

246 2569 417 2646 imperante
445 2563 524 2624 Care
551 2563 604 2640 qui
631 2562 800 2621 nominatur
826 2561 906 2638 apud
928 2561 1081 2621 Victorem
1110 2561 1217 2639 (Caes.
1240 2564 1295 2637 39,
1320 2565 1368 2623 10.
1392 2567 1450 2642 11)
1480 2566 1576 2625 Iulie-

246 2687 303 2728 nus
324 2669 440 2728 Venetos
468 2674 629 2725 commeare
654 2681 741 2739 00000
766 2672 797 2721 et
824 2662 889 2738 ipse
915 2671 1073 2740 suspectus
1099 2673 1160 2736 est3
1188 2665 1270 2724 veuit
1296 2666 1374 2724 enim
1400 2666 1439 2724 eb
1466 2666 1574 2726 eodem

246 2778 382 2840 auctore,
414 2785 502 2842 quem
530 2764 651 2822 Tetrico
682 2781 738 2838 pre
769 2762 862 2821 totius
892 2763 999 2822 Italiae
1030 2773 1231 2824 correcturum
1259 2765 1411 2825 Lucaniae
1443 2767 1575 2828 vidimus

245 2870 398 2929 tribuisse.
441 2864 555 2925 Conna
579 2865 610 2922 in
636 2863 747 2935 titulis,
771 2863 824 2939 qui
849 2863 888 2922 ed
914 2865 991 2923 hene
1017 2873 1144 2925 aetatem
1165 2867 1314 2943 pertinere
1335 2867 1483 2940 videntur,
1504 2887 1574 2928 cum

246 2979 387 3031 corrector
407 2965 515 3024 Italiae
535 2958 752 3039 invenietur²)‚
773 2965 812 3023 ad
832 2983 860 3022 e.
883 2983 979 3041 usque
994 2963 1054 3025 282
1077 2966 1218 3026 universe
1237 2967 1328 3027 Italia
1348 2970 1405 3027 sub
1426 2987 1485 3028 une
1506 2986 1572 3028 cer·

246 3080 361 3130 rectore
386 3067 507 3127 mansit.
552 3064 692 3141 Denique
717 3065 806 3124 etiam
834 3066 890 3124 sub
910 3065 1102 3126 Diocletiane
1129 3078 1159 3127 et
1178 3068 1363 3129 Maximiano
1388 3079 1573 3130 correctores

245 3167 568 3230 Italiaeinveuiuntur
595 3184 662 3224 cum
689 3165 721 3225 in
748 3167 893 3243 rescripte
915 3185 943 3225 a.
958 3165 1059 3244 290³)
1085 3175 1149 3227 tum
1170 3170 1201 3227 in
1223 3169 1309 3228 titulo
1330 3169 1479 3230 Patauino
1500 3170 1572 3230 anui

245 3270 399 3347 incerti⁴).
436 3266 554 3343 Quibus
575 3267 706 3326 fortasse
725 3267 886 3345 adiungere
907 3267 1008 3327 licebit
1028 3279 1212 3329 conecterem
1232 3275 1380 3348 uniusque
1397 3272 1505 3332 Imtiae
1525 3273 1572 3332 in·

245 3466 345 3516 nemum
369 3465 539 3524 iteraverunt,
563 3462 649 3513 nullus
673 3476 701 3512 aa
726 3461 820 3512 obmlit
844 3462 878 3512 ad
904 3462 932 3513 id
958 3462 1028 3528 qued
1042 3462 1189 3528 ¹requiritur
1211 3463 1274 3515 satis
1297 3470 1385 3530 aptus,
1414 3480 1473 3515 cnm
1495 3480 1571 3530 prae·

244 3557 332 3606 sertim
351 3568 416 3621 quae
434 3554 462 3603 in
480 3552 556 3603 titolo
574 3553 693 3618 leguntur
710 3568 825 3616 munera,
845 3554 959 3604 maxime
976 3554 1127 3605 correctoria
1139 3553 1232 3606 Italiae
1244 3556 1331 3618 totius,
1350 3571 1404 3606 non
1416 3557 1573 3608 contemnat

244 3647 295 3698 nisi
312 3647 391 3696 netad
408 3645 573 3695 Diocletiane
592 3643 724 3694 auteriori.

322 3734 345 3797 ¹)
372 3733 661 3796 victorianensem.
688 3734 795 3797 Eutrop.
815 3734 841 3795 9,
856 3734 900 3784 13.
932 3735 995 3785 Vita
1013 3735 1150 3786 Aureliani
1169 3751 1191 3786 0.
1205 3736 1249 3788 33.
1330 3733 1332 3736 ’

320 3823 345 3887 ²)
374 3825 449 3878 Grut.
462 3825 553 3887 38⁷‚5
573 3823 617 3886 (ei.
636 3837 743 3874 memor.
762 3823 822 3874 inat.
842 3825 867 3885 2,
882 3823 962 3886 303)ι
988 3858 1046 3876 ....
1064 3825 1302 3894 rsiiqiesissinoqae
1323 3823 1351 3878 0.
1373 3824 1475 3879 &mare
1493 3826 1571 3896 Rufio

249 3915 385 3967 Volusiano
403 3932 427 3966 e.
447 3931 483 3976 0.,
508 3931 575 3965 cerr.
594 3912 690 3965 Italiae
707 3929 757 3982 per
780 3929 860 3964 annea
878 3920 947 3976 ecte,
966 3916 1117 3982 prooemii
1135 3916 1254 3983 Africae,
1274 3919 1358 3970 comiti
1375 3916 1470 3969 demini
1487 3921 1574 3970 nestri

247 4006 406 4060 Constantini
423 4041 480 4069 ...,
500 4003 630 4072 praesecto
648 4003 708 4055 arbi
730 4004 764 4066 (a.
779 4006 855 4068 310),
878 4003 960 4056 iudici
976 4022 1107 4066 sacramen
1124 4009 1303 4075 eeqnitienum,
1329 4009 1428 4060 censali
1445 4009 1480 4071 (a.
1494 4011 1573 4074 311).

243 4100 385 4151 Dedicatna
409 4104 447 4147 est
472 4097 560 4146 titulus
583 4103 720 4161 antequam
742 4096 929 4161 praefecturam
953 4098 1022 4148 urbia
1043 4099 1146 4149 iteravit
1164 4114 1188 4150 a.
1202 4099 1256 4151 313
1275 4107 1302 4150 et
1319 4101 1479 4152 consulatum
1498 4101 1572 4152 ordi-

243 4192 344 4243 narium
363 4187 463 4254 aceepit
479 4202 504 4238 a.
518 4188 579 4238 314.
618 4187 786 4238 comeaturaa
809 4194 909 4253 ternpus
932 4189 1023 4240 delinit
1044 4190 1133 4240 titulus
1154 4191 1220 4241 alter
1236 4191 1394 4242 Puteolanus
1411 4192 1434 4242 1.
1447 4191 1482 4243 N.
1496 4193 1572 4245 aaut

244 4301 279 4325 =
292 4283 400 4332 Hamae
412 4279 496 4330 usare
514 4277 657 4343 fortissime
680 4284 705 4328 et
717 4278 834 4345 piissime
847 4280 965 4347 principi
981 4295 1026 4331 sue
1045 4277 1083 4331 M.
1103 4280 1209 4331 Aurelia
1231 4278 1324 4333 Carine
1343 4281 1432 4349 Rufius
1448 4279 1570 4337 Volusia-

243 4388 290 4423 nus
308 4389 332 4422 e.
351 4387 386 4433 a,
409 4385 492 4421 serum
509 4368 605 4420 iudicio
624 4366 790 4430 deatr'seinus,
810 4370 899 4420 iterum
916 4377 1053 4434 correctam
1077 4386 1138 4422 nam
1157 4372 1272 4423 eiusdem
1292 4373 1340 4423 viri
1358 4380 1494 4440 unumque
1511 4389 1572 4428 eme

243 4462 382 4514 admodum
400 4461 533 4527 probabile
547 4466 593 4511 eet.
624 4459 716 4511 Obstat
734 4461 824 4511 tertius
843 4462 930 4512 titulus
948 4462 1017 4514 [Ν.
1031 4463 1116 4514 6328:
1135 4461 1220 4530 Rujfie
1238 4459 1374 4515 Volusiano
1393 4480 1417 4516 e.
1433 4480 1455 4516 e.
1468 4480 1571 4518 cerrec-

243 4555 295 4606 teri
314 4550 478 4620 Caeparius,
499 4559 526 4602 at
543 4551 586 4603 hie
604 4551 637 4602 de
655 4551 852 4617 interpolatione
870 4552 912 4602 vel
930 4554 1043 4604 maxime
1060 4560 1192 4619 suspectus
1211 4560 1249 4605 est
1266 4568 1314 4606 nee
1332 4569 1387 4605 rem
1404 4555 1512 4608 decidit.

319 4641 344 4706 ⁸)
372 4642 625 4705 c.1ust.r,ae‚a
648 4643 771 4708 inscripta
792 4640 912 4694 Numidia
938 4644 1076 4694 correctori
1092 4642 1195 4695 Italiae.
1233 4644 1310 4707 Quod
1332 4647 1395 4698 elim
1417 4646 1573 4702 teuabma

243 4735 348 4786 Italiam
366 4735 408 4785 hic
426 4732 601 4799 accipiendam
620 4748 676 4784 asse
694 4748 725 4784 ee
742 4734 939 4799 significatione,
958 4750 1024 4800 quae
1043 4741 1133 4800 qnsrto
1152 4737 1255 4787 0000010
1273 4737 1410 4803 aliquoties
1427 4739 1571 4804 invenitur,

244 4839 337 4890 nempe
357 4825 390 4874 da
411 4825 468 4875 sela
485 4823 598 4875 dioecesi
613 4825 706 4874 *vicani
724 4824 828 4887 Italiae,
847 4832 907 4891 post
923 4833 1051 4891 repertum
1070 4827 1169 4877 titulum
1187 4825 1263 4878 Bassi
1282 4835 1308 4878 at
1325 4829 1457 4895 expletum
1474 4830 1571 4885 Sabini

244 4916 288 4964 vix
306 4915 355 4965 erit
373 4916 417 4979 qni
434 4915 564 4965 defendat·
1490 4923 1496 4931 ’

320 5001 345 5064 ⁴)
371 5005 406 5065 V,
420 5006 490 5054 2817
505 5023 539 5046 =
558 5003 632 5056 Gmt.
646 5006 708 5066 273,
722 5006 752 5055 4:
779 5003 874 5056 Poetae
890 5002 1038 5058 Honoratus
1057 5024 1081 5057 a.
1102 5005 1147 5072 [0.]
1167 5015 1295 5059 eerreeter
1311 5007 1440 5077 Italiae}
1475 5010 1571 5067 huto

245 5093 329 5142 minus
347 5099 417 5146 certa
435 5095 597 5160 satiarique
616 5100 709 5161 petest,
728 5102 757 5144 ut
774 5103 833 5161 poet
851 5100 948 5145 111111.
960 5126 989 5146 ..
1011 5099 1097 5164 plnres
1115 5099 1216 5153 litterae
1234 5099 1328 5153 desint.
