3480 5804
271 448 319 519 90
830 461 1030 514 wmuanns

268 646 390 696 evectus
417 645 474 695 est.
518 634 608 708 Quod
629 643 729 692 autem
752 635 878 692 Alfenus
893 632 994 693 Vama
1015 633 1059 709 (n.
1078 633 1129 709 17)
1152 640 1222 708 post
1243 632 1461 709 praefecturam
1484 640 1598 692 castro-

268 757 333 795 rum
356 737 506 812 praetorio
526 735 693 813 praefectus
714 743 770 806 est,
792 735 872 793 idem
893 735 1015 811 saepius
1037 735 1147 793 factum
1169 751 1238 792 esse
1250 751 1416 810 perperam
1437 733 1506 792 inde
1526 753 1598 793 con-

268 838 388 909 nludas;
417 839 474 896 hoc
500 839 579 895 enim
606 837 733 911 tempori
759 838 861 912 potius
890 836 1132 910 indubitataeque
1158 834 1223 893 eius
1254 851 1325 910 erga
1345 834 1502 892 Vitellium
1528 835 1598 894 fidei

269 939 460 998 tribuendum
488 946 543 996 est.
586 937 811 1008 Procuraturis,
842 954 919 1013 quas
941 937 998 995 viri
1024 935 1155 1011 equestri
1177 935 1284 992 militia
1304 934 1451 1011 perfuncti
1472 934 1599 1011 adipisci

267 1040 415 1112 solebant,
437 1058 588 1116 nunquam
610 1056 663 1097 eos
684 1046 808 1097 ornatos
829 1039 1011 1108 invenimus3
1033 1036 1115 1112 quod
1135 1045 1235 1093 autem
1257 1033 1293 1094 C.
1309 1033 1436 1094 Caesius
1452 1034 1599 1096 Silvester

268 1141 311 1216 (n.
334 1140 387 1217 25)
415 1150 536 1199 curator
563 1140 679 1198 viarum
705 1141 743 1197 ab
770 1139 955 1216 Imperatore
980 1138 1038 1196 Pio
1059 1136 1203 1196 Umbriae
1229 1145 1259 1194 et
1286 1136 1398 1195 Piceno
1425 1137 1513 1195 datus
1540 1147 1597 1208 est,

268 1260 354 1301 usum
381 1259 441 1299 non
470 1242 584 1311 turbat,
610 1241 664 1299 sed
687 1239 851 1298 confirmat.
896 1237 972 1312 Quis
999 1238 1076 1296 enim
1103 1247 1178 1313 quot
1199 1238 1264 1296 vias
1285 1236 1420 1313 legiones
1442 1237 1598 1296 &manae

268 1343 440 1419 aperuerint
465 1341 581 1400 nescit?
629 1340 851 1400 Vexillationes
878 1347 976 1398 autem
1005 1339 1151 1397 eiusmodi
1180 1339 1319 1415 operibus
1347 1339 1478 1398 intentas
1506 1356 1598 1415 saepe

269 1443 375 1502 ductas
404 1461 472 1502 esse
499 1461 518 1499 a
544 1442 703 1518 praefectis
732 1449 912 1511 castrorum,
941 1440 1021 1498 infra
1047 1440 1333 1512 demonstrabimus;
1362 1440 1478 1498 viarum
1505 1439 1598 1516 igitur

268 1544 496 1603 muniendarum
517 1542 591 1601 artis
613 1562 652 1601 ex
673 1543 743 1618 ipsa
762 1542 826 1600 sine
848 1541 940 1600 dubio
960 1541 1069 1599 militia
1087 1541 1221 1618 apprime
1233 1541 1348 1618 peritus
1361 1547 1427 1600 erat
1441 1539 1596 1600 Silyeater.

268 1645 337 1704 Etsi
359 1652 458 1702 autern
480 1635 661 1720 plerumque
675 1643 813 1702 duriores
835 1642 993 1718 minusque
1014 1641 1085 1700 culti
1105 1651 1204 1714 erant,
1230 1660 1321 1718 quam
1342 1641 1465 1700 iuvenes
1486 1641 1596 1699 tribuni

268 1764 306 1804 ac
331 1746 475 1821 praefecti
496 1745 662 1803 cohortium
683 1744 859 1818 alarumque
880 1743 1015 1802 homines
1035 1744 1130 1804 ferme
1149 1744 1363 1822 elegantiores,
1389 1743 1457 1817 ipsa
1476 1742 1521 1800 rei
1542 1743 1597 1800 mi·

266 1847 364 1905 lituris
387 1847 513 1905 scientia
534 1861 681 1903 summum
703 1844 748 1903 eis
770 1854 839 1920 post
859 1843 990 1921 legatum
1011 1844 1140 1922 legionis
1161 1846 1261 1904 locum
1281 1844 1313 1902 in
1334 1842 1440 1903 castris
1457 1843 1597 1921 adsigna·

267 1949 329 2006 bat.
363 1947 410 2005 Ita
425 1945 557 2006 Corbulo
578 1965 655 2022 qnae
677 1947 743 2022 ipse
764 1964 867 2024 gerere
889 1963 949 2003 non
971 1953 1070 2020 potest
1084 1944 1227 2005 Cornelio
1242 1945 1353 2005 Flacco
1372 1944 1473 2020 legato
1494 1951 1525 2001 et
1544 1944 1596 2002 In·

269 2048 346 2108 steio
361 2047 501 2125 Capitoni
517 2057 685 2106 castrorum
700 2046 850 2122 praefecto
866 2045 987 2104 mandat
1001 2045 1045 2119 (n.
1060 2047 1124 2122 14),
1137 2065 1274 2124 annoque
1286 2045 1326 2106 69
1340 2047 1473 2124 legiones
1487 2048 1596 2107 vinclis

268 2149 417 2210 Caecinae
438 2149 589 2208 exereitus
611 2148 680 2206 duci
701 2147 818 2206 iniectis
840 2146 969 2206 Fabium
989 2147 1150 2206 Fabullum
1171 2148 1294 2224 quintas
1313 2149 1443 2227 legionis
1464 2150 1595 2226 legatum

268 2259 298 2309 et
318 2248 459 2310 Cassium
479 2249 616 2326 Longum
637 2248 819 2325 praefectum
840 2257 1007 2306 castrorum
1028 2248 1120 2307 duces
1142 2248 1277 2326 deligunt
1299 2247 1343 2325 (n.
1361 2250 1423 2325 19).

350 2352 416 2428 Ipsi
437 2352 508 2410 licet
528 2368 681 2426 nunquam
702 2350 771 2408 loco
792 2349 944 2431 senatorio
967 2349 1041 2421 sint,
1067 2350 1146 2409 filius
1168 2360 1268 2410 tamen
1283 2349 1425 2428 Vespasii
1445 2350 1595 2410 Pollionis

268 2452 312 2527 (n.
337 2451 369 2528 1)
400 2452 544 2528 praefecti
575 2459 740 2510 castrorum
773 2459 942 2527 praeturam
974 2449 1102 2526 adeptus
1129 2457 1189 2523 est,
1221 2451 1449 2530 insignibusque
1481 2451 1596 2512 ordinis

267 2552 415 2630 equestris
441 2552 606 2611 honoribus
635 2560 779 2609 ornantur
805 2569 872 2609 oum
899 2552 931 2610 in
958 2570 991 2609 rs
1017 2551 1140 2610 militari
1164 2560 1227 2610 tum
1253 2552 1286 2610 in
1312 2572 1345 2611 re
1373 2552 1463 2612 civili.
1506 2555 1595 2613 Acci·

267 2655 354 2731 piant
379 2655 457 2712 enim
483 2661 514 2712 et
539 2654 620 2711 dona
645 2653 787 2711 militaria
812 2652 928 2710 maiora
954 2653 1056 2710 hastas
1082 2670 1173 2728 puras
1199 2663 1230 2711 et
1250 2653 1364 2713 vexilla
1374 2653 1402 2730 ¹)
1425 2654 1469 2730 (n.
1485 2653 1539 2730 34)
1566 2664 1596 2714 et

268 2756 437 2815 sacerdotia
457 2754 609 2830 equestria
630 2752 875 2829 splendidissima
896 2752 1033 2813 tubicinis
1055 2770 1209 2813 sacrorum
1232 2754 1336 2831 populi
1350 2754 1478 2816 Romani
1499 2755 1544 2832 (n.
1560 2756 1593 2832 8)

267 2856 521 2930 Laurentiumque
540 2853 732 2913 Larinatium
755 2853 797 2929 (n.
814 2852 878 2929 33).

351 2955 505 3016 Summum
533 2966 633 3014 autem
659 2956 738 3014 inter
764 2956 930 3030 praefectos
956 2966 1121 3014 castrorum
1147 2955 1247 3016 locum
1269 2957 1429 3017 verisimile
1450 2966 1498 3017 est
1518 2958 1594 3016 obti-

267 3058 370 3116 nuisse
393 3056 561 3132 praefectos
587 3066 753 3114 castrorum
781 3055 1052 3133 Aegyptiacorum,
1082 3057 1154 3133 quin
1181 3065 1214 3115 ut
1239 3059 1428 3134 praefectura
1453 3059 1594 3136 Aegypti,

267 3165 395 3233 excepta
419 3156 605 3234 praefectura
629 3156 786 3231 praetorii,
815 3157 963 3233 equestris
984 3158 1080 3215 honor
1102 3175 1237 3216 summus
1259 3167 1318 3229 est,
1344 3160 1388 3218 ita
1407 3160 1595 3235 praefectura

267 3276 387 3337 qnoque
412 3267 580 3318 casnmum
605 3258 754 3335 Aegypti,
779 3258 883 3318 eadem
903 3259 1092 3335 praefectura
1113 3259 1255 3334 praetorii
1275 3268 1418 3336 excepta,
1445 3262 1593 3320 honorum

267 3360 439 3419 militarium
465 3357 582 3418 videtur
606 3359 694 3434 quasi
710 3359 836 3418 ⁴culmen
862 3377 942 3431 esse,
975 3376 1051 3435 quos
1078 3359 1198 3436 quidem
1224 3380 1328 3438 gerere
1353 3361 1471 3439 possint
1498 3362 1593 3419 horni-

266 3481 319 3521 nes
344 3460 457 3520 ordinis
483 3478 545 3518 non
570 3459 721 3518 senatorii.
764 3460 822 3518 Est
846 3461 924 3518 enirn
951 3470 1055 3519 notum
1080 3461 1254 3539 Augustum
1279 3466 1352 3521 iuter
1376 3464 1439 3522 altu
1465 3464 1593 3522 domina·

266 3566 350 3622 tionis
376 3580 487 3620 arcana
510 3565 671 3637 seposuisse
690 3561 865 3639 aegypus,
892 3565 997 3632 vetitis,
1022 3566 1080 3621 uisi
1095 3567 1252 3638 pammac,
1278 3565 1391 3639 iuqreds'
1414 3564 1592 3624 amatoribus

265 3675 317 3723 aut
342 3663 638 3739 equitibus-Romanis
663 3661 879 3738 illustribusf),
906 3662 1173 3722 administrandam
1199 3671 1300 3722 autem
1326 3663 1445 3724 dedisse
1471 3665 1523 3723 nni
1551 3683 1591 3724 ex

265 3764 428 3841 equitibus,
454 3764 507 3839 qui
532 3763 595 3822 fere
618 3753 679 3838 ipsi
700 3762 919 3822 addictissimus
941 3771 1037 3836 esset,
1063 3782 1130 3824 oum
1151 3771 1313 3824 consuetae
1334 3766 1448 3824 formae
1469 3766 1591 3842 provin·

266 3865 342 3924 ciam
362 3864 461 3922 facere
475 3864 657 3940 Aegyptum,
678 3872 711 3921 ut
731 3863 803 3921 olim
818 3862 933 3923 Caesar
946 3871 1041 3941 pater,
1063 3864 1106 3922 ita
1120 3872 1270 3925 vereretur
1283 3876 1315 3925 et
1328 3867 1403 3943 ipse,
1426 3885 1461 3925 ue
1474 3870 1590 3943 qrraado

264 3965 455 4024 oiolmtiorem
477 3965 639 4041 praesidem
663 3973 749 4022 nacta
774 3983 911 4022 assarum
935 3983 1029 4022 rmum
1049 3969 1169 4023 materia
1190 3962 1309 4043 asset³).
1352 3966 1395 4026 Ut
1419 3968 1512 4044 igitur
1537 3968 1590 4044 qni

264 4066 451 4144 provinciae,
483 4065 526 4124 ita
556 4082 594 4122 ne
625 4064 795 4142 legionibus
827 4065 948 4141 quidem
981 4065 1032 4142 qui
1066 4077 1225 4141 praeerant
1252 4067 1283 4126 in
1308 4069 1449 4146 Aegypto
1477 4067 1590 4127 ordinis

265 4177 351 4227 erant
371 4165 567 4241 senatoriif),
594 4184 690 4242 neque
711 4183 843 4243 unquam
864 4167 982 4245 legatus
1004 4166 1093 4226 duxit
1114 4168 1262 4243 legionem
1282 4187 1360 4245 quaa
1380 4170 1412 4227 in
1433 4171 1490 4228 hac
1510 4177 1590 4229 terra

265 4279 365 4329 castra
391 4268 521 4326 baberet
569 4267 645 4325 Eius
679 4276 780 4325 nutem
813 4268 913 4326 locum
944 4268 1014 4344 quis
1046 4271 1176 4328 tenuerit
1205 4271 1365 4330 edocemur
1390 4270 1587 4348 inscriptione

265 4389 360 4448 nuper
384 4376 503 4446 reperta
524 4366 566 4443 (n.
582 4366 653 4442 24),
680 4385 741 4443 qna
766 4369 870 4426 eodem
896 4368 984 4427 modo
1012 4370 1154 4446 locoque,
1183 4389 1243 4448 quo
1272 4372 1340 4430 aliis
1368 4372 1398 4430 in
1424 4370 1588 4447 provinciis

341 4639 364 4701 ¹)
393 4639 460 4688 Nam
478 4640 541 4690 Sex.
555 4637 647 4688 Vibius
661 4636 753 4689 Gallus
771 4644 816 4689 aut
833 4638 1000 4702 manipularis
1018 4645 1063 4689 aut
1081 4639 1196 4690 centurio
1214 4641 1343 4705 accepisse
1362 4640 1464 4691 ridetur
1483 4647 1587 4705 torques

264 4731 377 4779 armillas
400 4729 519 4792 phaleras
541 4735 640 4792 partem
663 4744 830 4792 coronarum,
854 4729 998 4794 praefectus
1021 4737 1161 4781 saeuorum
1186 4731 1272 4783 bastae
1295 4747 1373 4797 puras
1393 4733 1421 4783 11
1446 4731 1541 4782 vexilla
1560 4733 1589 4783 ΙΙ

264 4821 375 4884 reliquas
393 4833 510 4869 coronas.

339 4907 364 4968 ²)
392 4910 455 4960 Tse.
474 4925 535 4960 ann.
555 4912 579 4971 2,
595 4912 638 4961 59.

339 4996 364 5060 ⁸)
391 4998 463 5052 Suet.
481 5001 534 5050 div.
552 5001 602 5051 Iul.
621 5002 665 5052 35.

340 5086 364 5147 ⁴)
393 5090 456 5141 Tac.
475 5091 534 5141 bist.
555 5093 637 5147 1‚11.
