3480 5804
207 445 279 516 134
776 456 957 509 uonnsnn

203 633 360 711 (aequales
387 631 466 689 euim
491 631 554 688 fere
574 629 696 687 suerunt
718 626 849 689 Sabinus
871 636 901 687 et
922 626 1111 702 Honoratus)
1134 626 1200 684 viae
1222 625 1349 686 Latinae
1370 628 1449 687 duae
1469 627 1534 686 lue·

202 741 273 793 runt
299 741 385 791 vetas
413 739 443 789 et
474 749 567 801 neva;
599 738 729 788 ceteram
761 730 834 788 mihi
865 728 903 786 de
934 735 1040 786 neutra
1071 736 1190 786 cunstat
1216 727 1397 804 videantque
1424 729 1463 788 de
1492 729 1534 786 iia

202 835 282 893 docti
304 834 411 892 Italiae
433 831 610 909 periegetae.
625 863 666 873 -
696 828 858 889 Curatores
885 831 952 888 viae
973 828 1101 887 Latinae
1127 846 1163 887 eo
1185 837 1319 904 tempore
1340 837 1429 888 notos
1451 847 1533 889 eom·

202 935 305 1011 posuit
331 933 517 1010 Borghesins
550 951 620 1008 opp.
648 933 684 1004 4,
714 932 781 991 133.
830 930 1063 990 Observandum
1096 937 1144 988 est
1173 948 1277 988 euram
1309 930 1375 990 viae
1402 928 1535 990 Latinae

201 1043 232 1094 et
256 1035 475 1112 praefecturam
501 1033 710 1092 alimentorum
737 1032 800 1090 sivc
826 1031 961 1090 eiusdem
986 1029 1120 1108 regionis
1145 1030 1210 1089 sive
1230 1029 1368 1090 diversae
1389 1030 1533 1107 (provin-

201 1137 250 1194 cia
277 1136 355 1194 enim
381 1153 442 1192 nen
467 1133 647 1203 enuntiatur,
674 1141 707 1191 ut
732 1151 820 1210 saepe
845 1133 879 1190 fit
904 1133 935 1190 in
961 1132 1018 1190 hoe
1039 1131 1152 1208 cilicie)
1179 1130 1211 1189 in
1232 1131 1290 1190 hoe
1310 1132 1398 1190 titulo
1419 1134 1464 1191 ita
1484 1151 1534 1192 se·

201 1237 317 1312 parari,
345 1245 378 1294 ut
399 1231 541 1294 Sabinum
563 1233 692 1308 primum
713 1233 795 1291 illam
817 1232 952 1310 gessisse
972 1239 1131 1310 appareat,
1159 1230 1266 1290 deinde
1287 1241 1356 1308 pest
1376 1233 1535 1310 complura

201 1337 264 1394 alia
290 1354 413 1395 munera
438 1334 635 1410 provincialia
661 1336 737 1392 hanc
762 1334 924 1410 accepisse.
966 1331 1056 1392 Unde
1082 1331 1282 1408 colligendum
1310 1342 1357 1392 est
1376 1352 1413 1392 ea
1432 1333 1536 1393 efficia

202 1454 258 1496 sua
282 1446 391 1497 natura
416 1436 550 1494 seiuncta
573 1443 604 1494 et
630 1435 724 1494 fuisse
752 1445 782 1493 et
809 1452 927 1512 semper
952 1434 1113 1504 mansisse,
1143 1440 1173 1491 et
1199 1451 1265 1492 cnm
1294 1451 1384 1510 saepe
1410 1435 1534 1494 coniun-

201 1537 367 1613 gantur1),
394 1545 493 1596 tamen
519 1536 571 1611 qui
596 1536 703 1595 dicitur
720 1528 884 1611 praejectae
905 1535 1102 1592 alimentoncm
1119 1552 1175 1609 per
1196 1534 1364 1607 Aemiliam,
1392 1554 1460 1594 enm
1481 1554 1535 1595 ne·

202 1655 353 1712 quaquam
379 1637 450 1696 iude
478 1637 563 1713 sequi
585 1638 651 1694 viae
678 1656 798 1712 quoque
824 1638 890 1695 eius
917 1654 1020 1695 curam
1046 1634 1137 1694 simul
1163 1634 1265 1711 egisse
1290 1642 1320 1694 et
1345 1636 1410 1695 viee
1433 1655 1534 1696 versa.

200 1737 394 1796 Reicieudum
416 1737 517 1815 igitur,
541 1737 621 1812 quod
643 1746 712 1795 ante
733 1737 789 1796 hos
810 1737 922 1795 multos
943 1753 1038 1795 annes
1061 1731 1259 1811 Henzenus²)
1281 1737 1398 1812 posuit,
1420 1746 1534 1797 nuum·

201 1855 260 1912 que
281 1856 389 1896 munus
410 1857 466 1914 pro
488 1857 547 1896 uno
570 1837 735 1914 eodemque
755 1837 925 1895 habendum
946 1853 1023 1896 csse.

358 1939 392 2009 9.
446 1935 625 2010 Iuridicus
651 1961 719 2035 per
745 1934 937 2008 Aemiliam
964 1947 1002 2009 et
1026 1932 1225 2034 Liguriam.

284 2056 362 2115 Vide
383 2076 460 2133 quae
482 2058 636 2132 composui
659 2059 690 2115 in
713 2057 947 2133 gromaticorum
969 2055 1363 2116 editioneLachmanniana
1384 2057 1502 2132 2193.

359 2160 416 2229 10.
470 2154 630 2255 Legatos
653 2155 824 2253 l[egionis
850 2155 1230 2253 duo]etvicensim[ae]
1248 2156 1532 2256 pr[im]igeniae.

285 2276 369 2336 llaec
390 2295 448 2335 non
469 2277 542 2352 legit
555 2276 714 2336 Ponarius.
749 2276 787 2335 In
808 2285 916 2353 ectypo
938 2276 1014 2336 satis
1037 2285 1119 2336 certo
1141 2284 1287 2354 apparent
1301 2278 1444 2355 reliquiae
1459 2279 1533 2339 hae:

201 2362 336 2470 tsourplt
354 2394 390 2436 rr
405 2393 560 2436 vicensun.
576 2379 654 2448 .ll..2;
676 2377 733 2435 fnit
753 2377 784 2435 in
806 2376 907 2453 lapide
929 2392 1024 2437 sacar
1038 2392 1096 2434 tce
1110 2394 1128 2435 ιι
1144 2374 1148 2456 Ι
1166 2393 1201 2434 ετ
1214 2392 1360 2437 vicensis
1375 2395 1490 2440 exmia.

359 2481 416 2549 11.
469 2475 709 2575 Praepositus
726 2474 944 2574 vexissla]ris
963 2472 1204 2550 Germanicae
1221 2477 1480 2576 expeditionis.

285 2596 363 2657 Cum
389 2608 420 2656 et
445 2597 481 2655 de
507 2616 586 2656 anno
608 2596 781 2656 consulatus
804 2595 909 2657 Sabini
931 2604 1048 2656 constet
1068 2605 1098 2656 et
1118 2598 1219 2672 ipsum
1241 2600 1343 2676 paullo
1363 2608 1434 2677 post
1454 2602 1534 2661 hanc

202 2699 422 2772 expeditionem
445 2698 484 2755 ad
505 2718 572 2756 eum
594 2697 766 2773 pervenisse
787 2706 900 2755 eertum
922 2698 971 2768 sit,
992 2705 1073 2757 recte
1095 2699 1216 2757 omnino
1231 2700 1429 2760 Minervinius
1446 2702 1534 2761 intel·

201 2799 276 2857 lexit
302 2799 522 2876 expeditionem
550 2796 761 2856 Germanicam
789 2793 963 2857 caracallae
991 2818 1018 2856 a.
1035 2797 1095 2857 813
1124 2818 1218 2876 nuper
1244 2801 1427 2862 illustratam
1455 2805 1533 2863 actis

202 2899 360 2956 Arvalium
383 2899 520 2974 proxime
541 2897 668 2973 repertis
690 2897 830 2972 (Henzen
850 2899 938 2958 relaz.
959 2917 989 2974 p.
1005 2898 1068 2974 75).
1112 2899 1185 2957 lnde
1211 2900 1370 2963 didicimus
1395 2923 1431 2962 eo
1452 2923 1533 2964 anno

202 3000 251 3056 die
272 2999 351 3075 Aug.
370 3001 405 3056 11
429 2999 537 3056 fratres
560 3005 631 3056 vota
651 2998 774 3070 fecisse,
800 3001 878 3074 qnod
898 3001 1028 3058 deminus
1140 3019 1196 3076 per
1217 3001 1332 3062 limitem
1351 3005 1472 3064 Βαιείαο
1491 3008 1536 3064 ad

202 3100 294 3157 testes
321 3101 504 3174 extirpandos
531 3099 719 3157 barbarorum
743 3099 883 3176 [finea]³)
909 3102 1078 3159 introiturus
1100 3110 1154 3174 est,
1179 3101 1250 3160 item
1277 3103 1450 3167 disoeno
1476 3106 1533 3165 im·

202 3199 366 3257 molavisse
394 3200 427 3257 ab
453 3200 572 3258 salutem
601 3203 804 3276 victoriamque
836 3199 1036 3260 Germanicam
1064 3200 1263 3277 imperatoris.
1314 3205 1364 3264 Ab
1394 3226 1431 3266 eo
1462 3207 1533 3267 inde

201 3318 279 3359 anno
308 3301 427 3359 demum
447 3301 620 3377 imperatori
644 3300 815 3361 Germanici
837 3320 945 3360 nomen
967 3302 1164 3378 tribuitnr⁴),
1192 3323 1289 3381 neque
1310 3308 1472 3384 scriptores
1493 3310 1533 3369 de

202 3421 238 3460 ca
266 3402 456 3479 expeditione
484 3403 574 3480 plane
602 3412 700 3462 tacent
710 3404 749 3479 5).
799 3403 878 3462 Huic
908 3407 1094 3481 expeditioni
1121 3405 1256 3465 interluit
1284 3405 1416 3468 Sabinus
1444 3428 1533 3486 prae·

202 3503 316 3578 positus
347 3504 512 3563 vexillariis
538 3505 640 3563 nescio
667 3505 776 3580 quibus
804 3505 842 3564 ad
869 3523 935 3563 eam
964 3507 1065 3567 missis
1093 3516 1124 3566 et
1149 3526 1250 3568 comes
1271 3509 1368 3586 ipsius
1390 3510 1531 3588 Augusti.

207 3668 410 3678 ψ

280 3780 303 3841 ¹)
332 3783 409 3831 quta
427 3790 557 3847 ponuntur
575 3783 687 3834 honores
706 3786 812 3835 meliore
826 3793 912 3837 aetate
923 3786 1008 3837 iorma
1020 3802 1073 3836 non
1086 3794 1192 3850 mutata,
1211 3790 1282 3840 utL.
1294 3789 1417 3841 Minicius
1429 3792 1532 3842 Natalia

203 3886 255 3920 eos.
276 3887 297 3920 e.
311 3886 334 3920 a.
352 3875 401 3921 127
422 3874 515 3923 dicitnr
533 3881 614 3924 curat.
633 3876 691 3924 siae
704 3872 824 3936 Flamin,
842 3875 926 3943 praes.
946 3876 1085 3927 elimentur.
1105 3877 1223 3939 (Henzen
1240 3896 1267 3930 n.
1282 3881 1367 3944 64983
1386 3882 1478 3932 similis
1493 3890 1533 3933 est

204 3977 230 4010 n.
245 3961 340 4022 6502),
366 3965 483 4026 aequiore
502 3971 547 4015 aut
565 3966 753 4030 coniunguntur
771 3967 868 4017 inserta
886 3969 992 4032 copule,
1017 3976 1045 4018 nt
1064 3969 1364 4024 accusasatum
1383 3974 1533 4025 viraetatis

204 4051 354 4103 Gordianae
373 4053 466 4103 dicitur
483 4071 536 4103 eur.
556 4056 622 4105 clar.
642 4062 666 4106 et
679 4055 765 4122 praef.
786 4055 894 4107 alimeut.
917 4055 1022 4109 Clodiae
1040 4066 1064 4109 et
1082 4058 1204 4111 celerent.
1225 4061 1412 4124 (ominales)
1432 4070 1475 4113 aut
1495 4065 1533 4114 ita

204 4142 403 4205 confunduntur,
423 4151 452 4193 ut
470 4161 531 4196 eura
549 4148 605 4196 viae
624 4149 701 4197 etiam
719 4149 754 4198 ad
766 4148 888 4198 alimenta
900 4150 1053 4214 porrigatur,
1073 4166 1123 4215 qno
1136 4153 1265 4215 pertinent
1277 4161 1359 4204 curat.
1371 4154 1429 4204 vioe
1441 4152 1532 4204 Salar.

204 4241 229 4283 et
247 4233 419 4284 alimentorum
439 4235 554 4297 (Henzen
574 4238 655 4299 7470)
675 4240 821 4305 similesque
840 4240 957 4301 (Henzen
975 4255 1035 4292 ann.
1054 4243 1114 4292 inst.
1136 4244 1206 4294 1844
1224 4259 1251 4308 p.
1265 4243 1321 4305 41).

281 4322 306 4386 ²)
333 4326 404 4376 Anu.
424 4327 483 4377 inst.
505 4330 576 4379 1844
595 4346 621 4394 p.
635 4331 679 4380 42.
700 4331 771 4381 1846
790 4347 815 4395 p.
831 4332 946 4397 226aeq.

280 4413 305 4476 ³)
334 4413 412 4466 Fines
430 4419 582 4469 vocabulum
602 4422 717 4471 simileve
735 4423 846 4486 scriptor
864 4422 960 4471 omisit.

215 4538 225 4561 .
279 4503 305 4566 ⁴)
336 4507 435 4557 Eekhel
459 4511 484 4571 7,
511 4512 571 4563 809.
618 4511 696 4572 Quod
723 4514 842 4578 opposuit
868 4515 1004 4564 Henzenus
1033 4513 1110 4564 relus.
1139 4531 1165 4579 p.
1189 4517 1222 4566 78
1250 4516 1283 4566 ab
1311 4517 1450 4569 Arvalibns
1478 4520 1531 4570 iam

204 4611 227 4645 a
243 4597 295 4646 213
315 4598 379 4648 Mai.
394 4602 428 4650 20
452 4601 601 4665 imperatori
624 4604 762 4655 acclamari
783 4603 928 4655 Germanice
947 4605 1063 4666 numme,
1089 4605 1138 4666 da)
1164 4605 1208 4667 t(e)
1231 4606 1366 4669 alemano!
1389 4609 1453 4659 mihi
1477 4626 1532 4660 cre-

204 4687 273 4736 ditur
296 4690 389 4740 eminis
413 4692 470 4741 loce
495 4692 591 4744 lacmm
617 4708 673 4745 esse
698 4703 804 4760 propter
830 4696 925 4746 bellum
950 4710 1011 4746 mox
1037 4697 1191 4761 patrandum
1215 4704 1241 4748 st
1262 4699 1372 4750 tortam
1399 4700 1451 4750 iam
1476 4708 1532 4751 tum
1613 4714 1619 4723 ·

204 4784 331 4841 coeptum.

282 4866 306 4927 ⁵)
334 4871 425 4921 Victor
444 4872 517 4923 Caes.
544 4877 591 4936 21,
613 4878 643 4925 2:
669 4876 824 4928 Alamannos
846 4884 941 4943 pentem
961 4877 1109 4943 populosam
1131 4893 1162 4928 ex
1179 4894 1242 4944 equo
1260 4880 1364 4945 mirifice
1377 4889 1531 4947 palpitantem

203 4971 283 5021 prope
301 4954 416 5010 Moenum
439 4978 533 5013 amnem
556 4963 656 5016 decicit.
695 4969 755 5018 Vita
774 4984 796 5018 c.
810 4969 840 5018 5:
864 4970 935 5019 eu'rea
952 4967 1068 5018 Raetiam
1087 4985 1136 5018 noa
1149 4985 1249 5036 pasees
1267 4968 1392 5021 barbares
1410 4973 1534 5023 interemit

205 5045 342 5111 militesque
361 5066 418 5100 saer
437 5054 512 5116 quasi
530 5052 618 5107 Sullae
636 5058 727 5110 milites
745 5065 769 5108 et
786 5058 931 5110 cohortatur
948 5066 986 5110 eat
1003 5066 1028 5111 et
1045 5058 1157 5111 ‹lonam'n
1194 5061 1306 5124 Diali,
1323 5065 1365 5113 13·
