3480 5804
277 438 325 508 92
839 453 1037 506 wuuuuus

276 639 431 687 ceruorum
459 635 609 686 ectruecra.
653 626 827 685 Praefectus
854 625 906 684 ille
932 633 979 683 est
1003 624 1179 683 Aufidienus
1201 624 1316 695 Rufus,
1344 625 1396 701 qui
1425 622 1513 681 modo
1535 641 1603 681 cum

277 729 443 787 vexillariis
462 726 620 804 Nauporto
642 727 674 784 in
695 737 796 786 castra
815 726 953 785 redierat
989 725 1066 785 Item
1086 725 1278 802 Mogontiaci,
1299 725 1351 784 ubi
1371 725 1448 783 duae
1469 725 1608 800 legiones’

277 848 313 887 eo
335 839 468 906 tempore
490 836 590 887 caetra
610 827 807 903 habebant1),
835 847 927 886 unum
948 835 1063 885 tautum
1084 827 1266 902 praesectum
1289 826 1384 884 luisse
1405 844 1445 883 ex
1470 825 1604 885 eiusdem

277 930 377 988 Taciti
398 929 496 988 verbis
519 928 664 1006 sequitur,
690 930 743 1005 qui
767 939 911 1005 quantum
933 927 1060 986 militum
1082 926 1162 1005 apud
1183 928 1367 1002 superiorem
1389 926 1489 985 Rheni
1508 928 1606 1003 ripam

277 1031 381 1102 fuerit,
408 1049 487 1090 auno
503 1030 542 1088 70
567 1031 687 1088 iurasse
712 1049 767 1107 pro
793 1029 920 1106 imperio
949 1026 1119 1089 Galliarum
1148 1036 1263 1100 narrat,
1297 1031 1399 1088 ceasia
1426 1027 1607 1104 Mogontiaci

277 1133 411 1201 tribunis,
433 1132 521 1207 paleo
542 1141 699 1190 ceutronum
715 1132 876 1206 praesecto,
901 1132 952 1205 qui
972 1131 1195 1188 detrectaverant
1215 1128 1259 1204 (n.
1276 1128 1341 1204 44).
1385 1127 1503 1188 Deinde
1524 1128 1606 1205 apud

278 1233 440 1308 scriptores
461 1231 622 1291 identidem
644 1230 788 1308 praelecti
809 1237 1089 1301 commemorantur,
1109 1230 1163 1306 qui
1184 1230 1291 1288 castris
1313 1238 1470 1306 praesunt,
1493 1229 1605 1305 quibus

278 1352 315 1391 ne
336 1352 396 1392 una
416 1332 535 1409 quidem
557 1332 636 1410 legio
657 1333 748 1408 plena
767 1331 903 1403 habetur,
924 1332 978 1390 sed
999 1330 1209 1389 vexillationes
1230 1336 1345 1388 tantum
1361 1330 1448 1389 unius
1463 1330 1513 1388 vel
1526 1347 1606 1388 oom-

277 1435 409 1512 plurium
436 1433 598 1511 legionum.
641 1431 735 1490 Velut
762 1430 862 1491 Siscia
893 1433 975 1491 bello
1003 1431 1176 1491 Dalmatico
1207 1450 1235 1488 a.
1255 1451 1283 1489 u.
1305 1416 1364 1490 719
1397 1428 1606 1507 expugnatal)

278 1537 436 1611 Augustus
463 1533 505 1592 ibi
530 1532 690 1592 collocavit
715 1532 854 1591 cohortes
876 1533 982 1609 viginti
1008 1534 1142 1610 quinque
1163 1533 1270 1591 castris
1292 1531 1412 1590 stativis
1434 1528 1472 1590 oio
1492 1524 1605 1606 ταμιείῳ

279 1632 456 1718 Ιχὴοηοόἰοονοο
477 1633 505 1694 ἒς
526 1627 573 1691 riv
595 1635 698 1691 Δακῶν
719 1623 767 1690 urei
788 1634 959 1716 Burrugvoiv
980 1626 1111 1700 πόλεμον,
1133 1621 1157 1689 oi
1176 1623 1263 1715 πέραν
1284 1621 1352 1688 rio-iv
1376 1620 1605 1711 rori’'15rgov³),

278 1736 407 1812 praefuit
426 1735 465 1794 iis
487 1752 567 1793 anno
583 1734 601 1793 8
616 1753 645 1810 p.
662 1733 697 1793 C.
719 1733 771 1793 Μ’.
793 1734 910 1793 Ennius
933 1724 1119 1818 φρούραρχος
1140 1726 1261 1794 temtor
1282 1733 1325 1808 (n.
1342 1734 1386 1809 3).
1422 1723 1607 1815 Φρούραρχον

278 1856 298 1894 a
317 1837 418 1895 Dione
440 1835 542 1893 vocari
568 1835 750 1912 praefectum
772 1842 950 1907 castrorum,
977 1835 1050 1893 mihi
1071 1834 1190 1912 quidem
1211 1833 1332 1893 dubium
1353 1852 1413 1892 non
1435 1842 1495 1906 est,
1523 1834 1606 1892 aliud

278 1938 358 1996 euim
379 1955 487 1995 munus
508 1936 637 1994 militare
657 1942 761 1993 notum
782 1947 831 1995 est
851 1935 975 2007 nullum,
998 1935 1116 2011 dequo
1137 1945 1218 1995 recte
1238 1934 1289 1994 hic
1309 1935 1435 2012 cogitari
1457 1935 1556 2010 possit
1576 1943 1608 1993 et

278 2039 327 2097 cui
353 2036 454 2113 aliquo
480 2036 570 2095 modo
595 2037 753 2095 conveniat
778 2027 965 2119 φρουράρχου
993 2055 1110 2096 nomen.
1153 2037 1239 2095 Idem
1264 2036 1312 2096 vir
1336 2036 1416 2096 haud
1440 2036 1485 2095 ita
1509 2024 1606 2094 multo

278 2147 350 2215 post
374 2157 453 2196 anno
478 2137 516 2195 14
544 2145 793 2196 commemoratur
820 2155 839 2194 a
864 2135 989 2210 Tacito,
1018 2137 1068 2195 ubi
1095 2138 1265 2214 praelectus
1292 2146 1460 2196 castrorum
1487 2142 1607 2214 praeest

278 2238 446 2298 vexillariis
460 2237 644 2315 praesidium
658 2238 689 2296 in
704 2235 835 2297 Chaucis
851 2237 1033 2314 agitantibus
1048 2238 1213 2313 audacique
1226 2237 1355 2297 consilio
1370 2237 1513 2315 opprimit
1527 2237 1605 2296 sedi-

278 2340 390 2398 tionem
406 2340 451 2398 ibi
464 2357 584 2414 quoque
599 2338 771 2415 gliscentem
787 2336 829 2413 (n.
842 2338 886 2414 4).
915 2337 1054 2415 Denique
1068 2340 1206 2398 hocloco
1223 2338 1402 2398 adferendos
1416 2345 1465 2398 est
1477 2338 1514 2397 L.
1530 2336 1606 2397 Cae·

252 2464 253 2467 ¹
278 2441 373 2500 dicius
394 2438 439 2515 (n.
455 2439 500 2515 5),
522 2440 574 2514 qui
594 2448 666 2516 post
685 2438 802 2498 cladem
812 2438 977 2498 Varianam
990 2440 1119 2499 Alisone
1138 2439 1283 2498 obsessus
1297 2458 1317 2498 a
1332 2438 1501 2512 Germanis,
1524 2439 1606 2497 ferro

279 2542 337 2601 sibi
359 2541 482 2616 suisque
504 2539 543 2597 ad
556 2539 695 2600 Rhenum
716 2539 844 2598 reditum
865 2540 992 2618 aperuit
1029 2537 1137 2600 Certae
1157 2539 1285 2599 alicuius
1298 2541 1426 2619 legionis
1440 2539 1607 2616 praefectos

278 2649 446 2701 castrorum
469 2648 613 2716 quattuor
633 2640 768 2699 nominat
789 2640 913 2700 Tacitus
934 2661 964 2699 n.
982 2641 1019 2700 15
1040 2641 1168 2717 legionis
1190 2641 1348 2713 secundae,
1370 2660 1399 2698 u.
1418 2641 1455 2700 18
1477 2640 1606 2717 legionis

279 2743 438 2818 septimae,
460 2762 489 2800 u.
506 2741 546 2799 20
567 2741 694 2818 legionis
715 2741 835 2813 tertiae,
857 2761 885 2799 n.
901 2741 942 2800 45
963 2741 1091 2818 legionis
1113 2742 1258 2801 decimae:
1287 2751 1387 2802 tamen
1409 2741 1447 2800 de
1468 2741 1605 2800 omnibus

278 2843 327 2902 his
353 2842 498 2918 exemplis
523 2849 655 2913 constat,
681 2842 840 2900 incastris
861 2841 924 2901 illie
945 2849 1065 2917 praeter
1084 2843 1235 2921 legionem
1256 2860 1334 2918 quae
1356 2842 1442 2901 titulo
1463 2841 1605 2918 praelecti

278 2950 445 3002 castrorum
474 2941 594 3000 additur
619 2941 709 3000 aliam
738 2942 860 3001 stetisse
888 2941 1016 3014 uullam;
1045 2942 1127 3018 quod
1155 2943 1192 3002 de
1217 2943 1337 3021 legione
1363 2942 1395 3000 Il
1423 2951 1452 3001 et
1478 2943 1510 3000 X
1539 2944 1605 3019 ipso

279 3050 405 3102 testatur
426 3042 566 3112 Tacitus,
592 3042 709 3100 tertiam
733 3043 851 3101 unicam
873 3042 967 3101 luisse
988 3061 1024 3100 eo
1045 3043 1105 3101 iam
1126 3050 1261 3121 tempore
1282 3043 1313 3102 in
1335 3044 1439 3103 Africa
1459 3044 1606 3119 legionem

278 3151 382 3202 notum
403 3150 458 3213 est,
481 3142 638 3217 septimam
660 3141 788 3220 denique
810 3143 848 3202 ab
869 3142 964 3201 altera
984 3143 1102 3219 legione
1117 3143 1294 3205 Pannonica
1313 3143 1429 3203 decima
1449 3145 1538 3202 tertia
1559 3162 1606 3203 se·

278 3253 385 3320 parata
404 3243 548 3302 habuisse
569 3243 688 3314 stativa,
710 3242 779 3302 inde
801 3245 945 3320 sequitur,
968 3243 1049 3321 quod
1070 3243 1149 3320 apud
1164 3244 1303 3304 Tacitum
1326 3244 1458 3320 (hiras,
1475 3245 1506 3321 1)
1527 3244 1606 3303 Poe·

279 3344 398 3403 tovione
419 3343 546 3420 legionis
567 3351 682 3403 tantum
703 3344 781 3403 Xlll
802 3345 927 3403 hiberna
946 3345 1083 3403 citantur.

361 3447 499 3522 Apparet
522 3445 616 3522 igitur
641 3446 762 3504 saeculo
787 3456 867 3505 certe
886 3445 982 3522 primo
1003 3447 1172 3524 praefectos
1193 3455 1359 3506 castrorum
1380 3463 1440 3505 nou
1462 3454 1523 3504 tam
1544 3445 1605 3504 sin·

278 3546 357 3623 gulis
384 3546 553 3624 legionibus
579 3564 669 3621 quam
697 3545 826 3622 singulis
848 3549 956 3607 castris
977 3547 1106 3606 tributos
1127 3547 1236 3606 fuisse:
1264 3547 1392 3624 singulis
1414 3547 1548 3618 stativis,
1574 3546 1605 3604 in

277 3646 389 3722 quibus
410 3647 485 3705 satis
506 3646 623 3723 amplus
645 3646 876 3723 legionariorum
896 3666 1037 3708 numerus
1059 3647 1236 3719 habebatur,
1257 3648 1425 3725 praefectus
1446 3647 1485 3705 ab
1507 3647 1605 3723 lmpe·

277 3756 377 3806 ratore
391 3747 435 3821 (n.
448 3746 482 3822 7)
503 3747 750 3822 praeponebatur,
771 3755 871 3806 uuum
893 3757 991 3807 autem
1012 3748 1114 3825 plures
1135 3748 1267 3825 legiones
1289 3747 1331 3807 ibi
1353 3753 1470 3807 starent
1489 3766 1529 3805 an
1544 3766 1606 3805 una

278 3867 317 3906 an
343 3846 472 3922 denique
497 3846 648 3905 vexillarii
674 3854 788 3905 tantum
814 3847 935 3920 delecti,
961 3848 1034 3906 nihil
1054 3849 1205 3908 intererat.
1246 3849 1354 3925 Itaque
1375 3857 1448 3924 quot
1468 3866 1604 3925 quaeque

277 3947 431 4025 provincia
452 3955 551 4004 castra
571 3946 805 4024 legionariorum
826 3949 941 4007 maiora
961 3950 1075 4022 habuit,
1097 3959 1143 4009 tot
1162 3950 1227 4009 sine
1248 3949 1340 4008 dubio
1361 3948 1403 4006 ibi
1418 3957 1504 4008 erant
1516 3967 1604 4025 prae·

277 4047 346 4107 lecti
373 4055 547 4106 castrorum.
591 4046 625 4107 si
649 4047 769 4123 quaudo
793 4048 897 4126 copiae
918 4050 1115 4127 complurium
1138 4051 1315 4110 stativorum
1335 4048 1464 4109 totiusve
1485 4048 1605 4126 provin·

276 4150 341 4208 ciac
366 4147 404 4205 ad
430 4147 542 4207 bellum
568 4147 690 4225 aliquod
715 4149 877 4225 gerendum
905 4151 1166 4222 contrahebantur,
1191 4152 1367 4228 plerumque
1389 4167 1467 4208 unus
1489 4157 1605 4208 tanmm

277 4271 315 4309 ex
337 4248 494 4326 praefectis
516 4257 683 4307 castrorum
704 4268 771 4309 cum
793 4250 927 4310 exercitu
948 4253 1072 4326 exiisse,
1094 4253 1200 4329 reliqui
1220 4252 1253 4311 in
1271 4251 1405 4312 hibernis
1420 4248 1604 4309 remansisse

277 4351 427 4421 videntur;
452 4351 533 4426 quod
553 4350 632 4409 enim
653 4349 685 4408 in
705 4369 789 4427 pace,
810 4350 888 4409 idem
911 4352 943 4410 in
963 4353 1044 4412 hello
1067 4353 1198 4412 valuisse
1219 4371 1343 4412 necesse
1364 4357 1421 4422 eet,
1443 4357 1477 4408 ut
1497 4349 1603 4409 iisdem

276 4451 383 4510 castris
409 4471 469 4510 non
490 4452 592 4527 plures
614 4451 667 4510 sed
689 4469 767 4510 uuus
779 4461 952 4530 praeesset.
995 4454 1102 4531 Itaque
1116 4452 1252 4512 Velleius
1273 4454 1311 4511 de
1331 4452 1446 4529 proelio
1467 4452 1505 4511 ab
1528 4449 1604 4511 Cae·

275 4553 342 4611 cina
367 4561 397 4610 et
419 4551 543 4614 Silvano
570 4571 638 4613 cum
663 4552 795 4631 quinque
820 4552 989 4632 legionibus
1016 4555 1276 4632 auxiliaribusque
1304 4553 1379 4614 satis
1401 4552 1503 4612 multis
1524 4569 1603 4611 oom-

276 4754 480 4765 -——---.

354 4891 376 4952 ¹)
404 4893 467 4943 Tac.
486 4893 546 4943 hiet.
568 4895 595 4954 1,“
608 4893 651 4944 bd.
672 4895 697 4953 4,
713 4897 748 4946 24
767 4901 815 4946 oet.

352 4979 376 5040 ²)
404 4982 457 5032 Dio
477 4985 521 5043 49,
536 4985 579 5034 37.
593 4984 637 5034 38.
657 4984 726 5050 App.
746 4985 788 5035 ΙΙΙ.
809 4986 853 5035 22.
868 4986 912 5036 33.

349 5067 373 5130 ³)
403 5073 444 5124 Gi.
463 5073 558 5127 Strabo
572 5076 597 5135 7,
612 5074 637 5135 5,
653 5076 668 5124 2
687 5089 712 5140 p.
727 5076 781 5126 313
791 5076 821 5128 C.
840 5066 923 5144 ον’ψυδς
943 5065 1090 5146 ὅρμητῆριον
1108 5074 1142 5140 τῷ
1160 5064 1219 5144 apic
1239 5065 1341 5134 Δοκοῦς
1360 5071 1472 5144 πολέμῳ.
