<?xml version="1.0" encoding="UTF-8"?>
<!DOCTYPE html PUBLIC "-//W3C//DTD XHTML 1.0 Transitional//EN"
    "http://www.w3.org/TR/xhtml1/DTD/xhtml1-transitional.dtd">
<html xmlns="http://www.w3.org/1999/xhtml" xml:lang="en" lang="en">
 <head>
  <title>
</title>
<meta http-equiv="Content-Type" content="text/html;charset=utf-8" />
  <meta name='ocr-system' content='tesseract 3.04.00' />
  <meta name='ocr-capabilities' content='ocr_page ocr_carea ocr_par ocr_line ocrx_word'/>
</head>
<body>
  <div class='ocr_page' id='page_1' title='image "./ephemerisepigra07instgoog/ephemerisepigra07instgoog_0229.png"; bbox 0 0 3480 5804; ppageno 0'>
   <div class='ocr_carea' id='block_1_1' title="bbox 535 458 1041 514">
    <p class='ocr_par' dir='ltr' id='par_1_1' title="bbox 535 458 1041 514">
     <span class='ocr_line' id='line_1_1' title="bbox 535 458 1041 514; baseline -0.01 -1"><span class='ocrx_word' id='word_1_1' title='bbox 535 459 832 514; x_wconf 67' lang='lat' dir='ltr'>onsnsvmortns</span> <span class='ocrx_word' id='word_1_2' title='bbox 849 458 969 511; x_wconf 71' lang='lat' dir='ltr'>amen.</span> <span class='ocrx_word' id='word_1_3' title='bbox 990 458 1041 509; x_wconf 80' lang='lat' dir='ltr'>XI.</span> 
     </span>
    </p>
   </div>
   <div class='ocr_carea' id='block_1_2' title="bbox 534 669 1046 727">
    <p class='ocr_par' dir='ltr' id='par_1_2' title="bbox 534 669 1046 727">
     <span class='ocr_line' id='line_1_2' title="bbox 534 669 1046 727; baseline -0.008 0"><span class='ocrx_word' id='word_1_4' title='bbox 534 669 589 727; x_wconf 89' lang='lat' dir='ltr'>XI.</span> <span class='ocrx_word' id='word_1_5' title='bbox 635 672 858 726; x_wconf 74' lang='grc' dir='ltr'>ἱΤΡΑΤΗΓΟΣ</span> <span class='ocrx_word' id='word_1_6' title='bbox 882 671 1046 724; x_wconf 65' lang='lat' dir='ltr'>maroa.</span> 
     </span>
    </p>
   </div>
   <div class='ocr_carea' id='block_1_3' title="bbox 126 800 1524 4607">
    <p class='ocr_par' dir='ltr' id='par_1_3' title="bbox 126 800 1524 4607">
     <span class='ocr_line' id='line_1_3' title="bbox 210 800 1453 883; baseline -0.002 -18"><span class='ocrx_word' id='word_1_7' title='bbox 210 807 438 883; x_wconf 82' lang='lat' dir='ltr'>Magistratuum</span> <span class='ocrx_word' id='word_1_8' title='bbox 454 803 655 862; x_wconf 88' lang='lat' dir='ltr'>Romanorum</span> <span class='ocrx_word' id='word_1_9' title='bbox 672 802 818 861; x_wconf 83' lang='lat' dir='ltr'>vocabula</span> <span class='ocrx_word' id='word_1_10' title='bbox 839 801 979 860; x_wconf 84' lang='lat' dir='ltr'><strong>credibile</strong></span> <span class='ocrx_word' id='word_1_11' title='bbox 1001 809 1046 860; x_wconf 90' lang='lat' dir='ltr'>est</span> <span class='ocrx_word' id='word_1_12' title='bbox 1067 809 1182 860; x_wconf 91' lang='lat' dir='ltr'>mature</span> <span class='ocrx_word' id='word_1_13' title='bbox 1198 800 1324 862; x_wconf 87' lang='lat' dir='ltr'>Graecis</span> <span class='ocrx_word' id='word_1_14' title='bbox 1346 805 1388 862; x_wconf 91' lang='lat' dir='ltr'>ita</span> <span class='ocrx_word' id='word_1_15' title='bbox 1408 804 1453 863; x_wconf 91' lang='lat' dir='ltr'>in·</span> 
     </span>
     <span class='ocr_line' id='line_1_4' title="bbox 127 903 1454 982; baseline -0.002 -16"><span class='ocrx_word' id='word_1_16' title='bbox 127 908 275 979; x_wconf 90' lang='lat' dir='ltr'>notuisse,</span> <span class='ocrx_word' id='word_1_17' title='bbox 303 916 336 966; x_wconf 93' lang='lat' dir='ltr'>ut</span> <span class='ocrx_word' id='word_1_18' title='bbox 361 908 392 965; x_wconf 92' lang='lat' dir='ltr'>in</span> <span class='ocrx_word' id='word_1_19' title='bbox 419 923 521 964; x_wconf 88' lang='lat' dir='ltr'>eoram</span> <span class='ocrx_word' id='word_1_20' title='bbox 546 905 677 982; x_wconf 86' lang='lat' dir='ltr'>linguam</span> <span class='ocrx_word' id='word_1_21' title='bbox 699 911 942 962; x_wconf 79' lang='lat' dir='ltr'>converterentur</span> <span class='ocrx_word' id='word_1_22' title='bbox 962 921 1022 961; x_wconf 92' lang='lat' dir='ltr'>non</span> <span class='ocrx_word' id='word_1_23' title='bbox 1043 920 1098 979; x_wconf 91' lang='lat' dir='ltr'>pro</span> <span class='ocrx_word' id='word_1_24' title='bbox 1119 903 1215 962; x_wconf 90' lang='lat' dir='ltr'>lubitu</span> <span class='ocrx_word' id='word_1_25' title='bbox 1235 905 1378 975; x_wconf 85' lang='lat' dir='ltr'>cuiusvis,</span> <span class='ocrx_word' id='word_1_26' title='bbox 1401 906 1454 964; x_wconf 89' lang='lat' dir='ltr'>sed</span> 
     </span>
     <span class='ocr_line' id='line_1_5' title="bbox 126 1003 1455 1083; baseline -0.002 -16"><span class='ocrx_word' id='word_1_27' title='bbox 126 1009 339 1074; x_wconf 87' lang='lat' dir='ltr'>consuetudine</span> <span class='ocrx_word' id='word_1_28' title='bbox 360 1016 479 1083; x_wconf 89' lang='lat' dir='ltr'>recepta</span> <span class='ocrx_word' id='word_1_29' title='bbox 495 1012 525 1065; x_wconf 87' lang='lat' dir='ltr'>et</span> <span class='ocrx_word' id='word_1_30' title='bbox 540 1023 597 1064; x_wconf 89' lang='lat' dir='ltr'>usu</span> <span class='ocrx_word' id='word_1_31' title='bbox 612 1004 760 1064; x_wconf 82' lang='lat' dir='ltr'>sollemni.</span> <span class='ocrx_word' id='word_1_32' title='bbox 796 1003 876 1063; x_wconf 89' lang='lat' dir='ltr'>Nam</span> <span class='ocrx_word' id='word_1_33' title='bbox 891 1012 924 1062; x_wconf 90' lang='lat' dir='ltr'>ut</span> <span class='ocrx_word' id='word_1_34' title='bbox 937 1004 1089 1062; x_wconf 88' lang='lat' dir='ltr'>mittamus</span> <span class='ocrx_word' id='word_1_35' title='bbox 1104 1013 1240 1063; x_wconf 79' lang='lat' dir='ltr'>auctores</span> <span class='ocrx_word' id='word_1_36' title='bbox 1256 1003 1409 1064; x_wconf 79' lang='lat' dir='ltr'>Cumanos</span> <span class='ocrx_word' id='word_1_37' title='bbox 1425 1016 1455 1065; x_wconf 90' lang='lat' dir='ltr'>et</span> 
     </span>
     <span class='ocr_line' id='line_1_6' title="bbox 126 1102 1456 1187; baseline 0 -18"><span class='ocrx_word' id='word_1_38' title='bbox 126 1110 356 1187; x_wconf 87' lang='lat' dir='ltr'>Neapolitanos,</span> <span class='ocrx_word' id='word_1_39' title='bbox 377 1119 457 1167; x_wconf 90' lang='lat' dir='ltr'>certe</span> <span class='ocrx_word' id='word_1_40' title='bbox 478 1107 529 1183; x_wconf 87' lang='lat' dir='ltr'>qui</span> <span class='ocrx_word' id='word_1_41' title='bbox 550 1108 631 1183; x_wconf 80' lang='lat' dir='ltr'>regis</span> <span class='ocrx_word' id='word_1_42' title='bbox 645 1105 755 1182; x_wconf 81' lang='lat' dir='ltr'>Pyrrhi</span> <span class='ocrx_word' id='word_1_43' title='bbox 776 1124 825 1164; x_wconf 92' lang='lat' dir='ltr'>res</span> <span class='ocrx_word' id='word_1_44' title='bbox 846 1114 947 1182; x_wconf 85' lang='lat' dir='ltr'>gestas</span> <span class='ocrx_word' id='word_1_45' title='bbox 964 1102 1155 1181; x_wconf 82' lang='lat' dir='ltr'>Siculumque</span> <span class='ocrx_word' id='word_1_46' title='bbox 1170 1106 1279 1164; x_wconf 89' lang='lat' dir='ltr'>bellurn</span> <span class='ocrx_word' id='word_1_47' title='bbox 1294 1109 1456 1169; x_wconf 85' lang='lat' dir='ltr'>narrabant</span> 
     </span>
     <span class='ocr_line' id='line_1_7' title="bbox 129 1205 1454 1283; baseline -0.003 -12"><span class='ocrx_word' id='word_1_48' title='bbox 129 1210 237 1271; x_wconf 88' lang='lat' dir='ltr'>Graeci</span> <span class='ocrx_word' id='word_1_49' title='bbox 262 1210 397 1268; x_wconf 89' lang='lat' dir='ltr'>homines</span> <span class='ocrx_word' id='word_1_50' title='bbox 420 1209 527 1268; x_wconf 89' lang='lat' dir='ltr'>summi</span> <span class='ocrx_word' id='word_1_51' title='bbox 548 1207 742 1283; x_wconf 80' lang='lat' dir='ltr'>magistratus</span> <span class='ocrx_word' id='word_1_52' title='bbox 764 1205 844 1282; x_wconf 88' lang='lat' dir='ltr'>apud</span> <span class='ocrx_word' id='word_1_53' title='bbox 864 1207 1019 1265; x_wconf 88' lang='lat' dir='ltr'>Romanos</span> <span class='ocrx_word' id='word_1_54' title='bbox 1040 1216 1122 1264; x_wconf 90' lang='lat' dir='ltr'>certa</span> <span class='ocrx_word' id='word_1_55' title='bbox 1143 1206 1383 1266; x_wconf 83' lang='lat' dir='ltr'>denominatione</span> <span class='ocrx_word' id='word_1_56' title='bbox 1405 1227 1454 1267; x_wconf 92' lang='lat' dir='ltr'>ca·</span> 
     </span>
     <span class='ocr_line' id='line_1_8' title="bbox 127 1305 1453 1387; baseline 0 -19"><span class='ocrx_word' id='word_1_57' title='bbox 127 1330 192 1370; x_wconf 88' lang='lat' dir='ltr'>rere</span> <span class='ocrx_word' id='word_1_58' title='bbox 213 1329 274 1369; x_wconf 92' lang='lat' dir='ltr'>non</span> <span class='ocrx_word' id='word_1_59' title='bbox 295 1317 465 1387; x_wconf 90' lang='lat' dir='ltr'>potuerunt.</span> <span class='ocrx_word' id='word_1_60' title='bbox 502 1309 567 1367; x_wconf 92' lang='lat' dir='ltr'>lam</span> <span class='ocrx_word' id='word_1_61' title='bbox 589 1309 616 1366; x_wconf 91' lang='lat' dir='ltr'>is</span> <span class='ocrx_word' id='word_1_62' title='bbox 638 1309 694 1366; x_wconf 91' lang='lat' dir='ltr'>etsi</span> <span class='ocrx_word' id='word_1_63' title='bbox 715 1308 841 1366; x_wconf 85' lang='lat' dir='ltr'>testibus</span> <span class='ocrx_word' id='word_1_64' title='bbox 858 1305 1032 1384; x_wconf 88' lang='lat' dir='ltr'>Scipionum</span> <span class='ocrx_word' id='word_1_65' title='bbox 1054 1307 1161 1382; x_wconf 88' lang='lat' dir='ltr'>elogiis</span> <span class='ocrx_word' id='word_1_66' title='bbox 1184 1309 1250 1383; x_wconf 92' lang='lat' dir='ltr'>ipso</span> <span class='ocrx_word' id='word_1_67' title='bbox 1270 1309 1375 1383; x_wconf 91' lang='lat' dir='ltr'>quinto</span> <span class='ocrx_word' id='word_1_68' title='bbox 1390 1328 1453 1368; x_wconf 88' lang='lat' dir='ltr'>sae·</span> 
     </span>
     <span class='ocr_line' id='line_1_9' title="bbox 128 1407 1456 1486; baseline -0.001 -16"><span class='ocrx_word' id='word_1_69' title='bbox 128 1413 195 1471; x_wconf 92' lang='lat' dir='ltr'>culo</span> <span class='ocrx_word' id='word_1_70' title='bbox 218 1412 323 1470; x_wconf 92' lang='lat' dir='ltr'>consul</span> <span class='ocrx_word' id='word_1_71' title='bbox 344 1410 560 1486; x_wconf 74' lang='lat' dir='ltr'>appellabatur,</span> <span class='ocrx_word' id='word_1_72' title='bbox 580 1427 677 1484; x_wconf 90' lang='lat' dir='ltr'>neque</span> <span class='ocrx_word' id='word_1_73' title='bbox 699 1408 796 1467; x_wconf 90' lang='lat' dir='ltr'>solum</span> <span class='ocrx_word' id='word_1_74' title='bbox 817 1408 874 1466; x_wconf 92' lang='lat' dir='ltr'>hoc</span> <span class='ocrx_word' id='word_1_75' title='bbox 888 1409 953 1468; x_wconf 89' lang='lat' dir='ltr'>eius</span> <span class='ocrx_word' id='word_1_76' title='bbox 968 1407 1146 1466; x_wconf 87' lang='lat' dir='ltr'>vocabulum</span> <span class='ocrx_word' id='word_1_77' title='bbox 1161 1409 1256 1466; x_wconf 87' lang='lat' dir='ltr'>fuisse</span> <span class='ocrx_word' id='word_1_78' title='bbox 1270 1428 1366 1485; x_wconf 89' lang='lat' dir='ltr'>neque</span> <span class='ocrx_word' id='word_1_79' title='bbox 1380 1412 1456 1469; x_wconf 88' lang='lat' dir='ltr'>anti·</span> 
     </span>
     <span class='ocr_line' id='line_1_10' title="bbox 127 1509 1456 1589; baseline -0.001 -18"><span class='ocrx_word' id='word_1_80' title='bbox 127 1515 315 1589; x_wconf 89' lang='lat' dir='ltr'>quissimum,</span> <span class='ocrx_word' id='word_1_81' title='bbox 338 1511 392 1570; x_wconf 79' lang='lat' dir='ltr'>sed</span> <span class='ocrx_word' id='word_1_82' title='bbox 413 1511 540 1569; x_wconf 90' lang='lat' dir='ltr'>eundem</span> <span class='ocrx_word' id='word_1_83' title='bbox 561 1509 722 1585; x_wconf 89' lang='lat' dir='ltr'>aliqnando</span> <span class='ocrx_word' id='word_1_84' title='bbox 744 1509 804 1568; x_wconf 89' lang='lat' dir='ltr'>dici</span> <span class='ocrx_word' id='word_1_85' title='bbox 826 1510 947 1569; x_wconf 91' lang='lat' dir='ltr'>solitum</span> <span class='ocrx_word' id='word_1_86' title='bbox 970 1527 1038 1568; x_wconf 87' lang='lat' dir='ltr'>esse</span> <span class='ocrx_word' id='word_1_87' title='bbox 1059 1518 1089 1566; x_wconf 91' lang='lat' dir='ltr'>et</span> <span class='ocrx_word' id='word_1_88' title='bbox 1109 1520 1215 1586; x_wconf 89' lang='lat' dir='ltr'>postea</span> <span class='ocrx_word' id='word_1_89' title='bbox 1236 1528 1357 1586; x_wconf 90' lang='lat' dir='ltr'>quoque</span> <span class='ocrx_word' id='word_1_90' title='bbox 1375 1519 1456 1570; x_wconf 90' lang='lat' dir='ltr'>recte</span> 
     </span>
     <span class='ocr_line' id='line_1_11' title="bbox 127 1609 1455 1689; baseline 0 -18"><span class='ocrx_word' id='word_1_91' title='bbox 127 1614 186 1672; x_wconf 91' lang='lat' dir='ltr'>dici</span> <span class='ocrx_word' id='word_1_92' title='bbox 207 1614 344 1688; x_wconf 90' lang='lat' dir='ltr'>potuisse</span> <span class='ocrx_word' id='word_1_93' title='bbox 365 1620 532 1689; x_wconf 84' lang='lat' dir='ltr'>praetorem</span> <span class='ocrx_word' id='word_1_94' title='bbox 551 1611 716 1669; x_wconf 85' lang='lat' dir='ltr'>maximum</span> <span class='ocrx_word' id='word_1_95' title='bbox 730 1611 830 1669; x_wconf 88' lang='lat' dir='ltr'>idonei</span> <span class='ocrx_word' id='word_1_96' title='bbox 845 1618 982 1670; x_wconf 91' lang='lat' dir='ltr'>suctores</span> <span class='ocrx_word' id='word_1_97' title='bbox 996 1610 1181 1668; x_wconf 87' lang='lat' dir='ltr'>tradiderunt</span> <span class='ocrx_word' id='word_1_98' title='bbox 1203 1609 1300 1685; x_wconf 85' lang='lat' dir='ltr'>(Fest.</span> <span class='ocrx_word' id='word_1_99' title='bbox 1316 1632 1344 1671; x_wconf 84' lang='lat' dir='ltr'>v.</span> <span class='ocrx_word' id='word_1_100' title='bbox 1360 1613 1455 1671; x_wconf 83' lang='lat' dir='ltr'>maxi-</span> 
     </span>
     <span class='ocr_line' id='line_1_12' title="bbox 127 1709 1456 1789; baseline 0 -17"><span class='ocrx_word' id='word_1_101' title='bbox 127 1733 208 1772; x_wconf 88' lang='lat' dir='ltr'>mum</span> <span class='ocrx_word' id='word_1_102' title='bbox 235 1721 403 1789; x_wconf 81' lang='lat' dir='ltr'>praetorem</span> <span class='ocrx_word' id='word_1_103' title='bbox 429 1732 459 1788; x_wconf 90' lang='lat' dir='ltr'>p.</span> <span class='ocrx_word' id='word_1_104' title='bbox 478 1712 550 1784; x_wconf 77' lang='lat'>1613</span> <span class='ocrx_word' id='word_1_105' title='bbox 577 1711 645 1770; x_wconf 85' lang='lat' dir='ltr'>Liv.</span> <span class='ocrx_word' id='word_1_106' title='bbox 666 1711 695 1783; x_wconf 81' lang='lat'>7,</span> <span class='ocrx_word' id='word_1_107' title='bbox 716 1711 759 1787; x_wconf 84' lang='lat'>3).</span> <span class='ocrx_word' id='word_1_108' title='bbox 804 1709 912 1771; x_wconf 87' lang='lat' dir='ltr'>Graeci</span> <span class='ocrx_word' id='word_1_109' title='bbox 937 1711 1044 1769; x_wconf 90' lang='lat' dir='ltr'>deinde</span> <span class='ocrx_word' id='word_1_110' title='bbox 1065 1712 1091 1769; x_wconf 93' lang='lat' dir='ltr'>si</span> <span class='ocrx_word' id='word_1_111' title='bbox 1112 1713 1283 1787; x_wconf 85' lang='lat' dir='ltr'>quaerimus</span> <span class='ocrx_word' id='word_1_112' title='bbox 1306 1713 1456 1789; x_wconf 88' lang='lat' dir='ltr'>quomodo</span> 
     </span>
     <span class='ocr_line' id='line_1_13' title="bbox 126 1812 1456 1890; baseline -0.001 -17"><span class='ocrx_word' id='word_1_113' title='bbox 126 1814 280 1873; x_wconf 87' lang='lat' dir='ltr'>consulem</span> <span class='ocrx_word' id='word_1_114' title='bbox 308 1814 490 1890; x_wconf 86' lang='lat' dir='ltr'>appellarint</span> <span class='ocrx_word' id='word_1_115' title='bbox 515 1813 546 1870; x_wconf 93' lang='lat' dir='ltr'>in</span> <span class='ocrx_word' id='word_1_116' title='bbox 573 1812 792 1886; x_wconf 86' lang='lat' dir='ltr'>antiquissimis</span> <span class='ocrx_word' id='word_1_117' title='bbox 819 1830 896 1888; x_wconf 90' lang='lat' dir='ltr'>quae</span> <span class='ocrx_word' id='word_1_118' title='bbox 922 1812 1043 1887; x_wconf 91' lang='lat' dir='ltr'>quidem</span> <span class='ocrx_word' id='word_1_119' title='bbox 1072 1821 1233 1888; x_wconf 88' lang='lat' dir='ltr'>supersunt</span> <span class='ocrx_word' id='word_1_120' title='bbox 1259 1812 1456 1886; x_wconf 87' lang='lat' dir='ltr'>documentis,</span> 
     </span>
     <span class='ocr_line' id='line_1_14' title="bbox 127 1911 1456 1990; baseline 0.001 -17"><span class='ocrx_word' id='word_1_121' title='bbox 127 1914 164 1973; x_wconf 87' lang='lat' dir='ltr'>T.</span> <span class='ocrx_word' id='word_1_122' title='bbox 187 1913 376 1973; x_wconf 89' lang='lat' dir='ltr'>Flamininus</span> <span class='ocrx_word' id='word_1_123' title='bbox 399 1931 461 1972; x_wconf 91' lang='lat' dir='ltr'>cos.</span> <span class='ocrx_word' id='word_1_124' title='bbox 489 1932 516 1971; x_wconf 91' lang='lat' dir='ltr'>a.</span> <span class='ocrx_word' id='word_1_125' title='bbox 533 1912 593 1972; x_wconf 91' lang='grc'>556</span> <span class='ocrx_word' id='word_1_126' title='bbox 620 1912 728 1970; x_wconf 89' lang='lat' dir='ltr'>dicitur</span> <span class='ocrx_word' id='word_1_127' title='bbox 748 1912 780 1970; x_wconf 93' lang='lat' dir='ltr'>in</span> <span class='ocrx_word' id='word_1_128' title='bbox 801 1912 932 1989; x_wconf 90' lang='lat' dir='ltr'>epistula</span> <span class='ocrx_word' id='word_1_129' title='bbox 952 1912 1047 1989; x_wconf 89' lang='lat' dir='ltr'>ipsius</span> <span class='ocrx_word' id='word_1_130' title='bbox 1070 1914 1182 1988; x_wconf 90' lang='lat' dir='ltr'>scripta</span> <span class='ocrx_word' id='word_1_131' title='bbox 1203 1915 1241 1972; x_wconf 92' lang='lat' dir='ltr'>ad</span> <span class='ocrx_word' id='word_1_132' title='bbox 1263 1911 1456 1990; x_wconf 85' lang='lat' dir='ltr'>Cyretienses</span> 
     </span>
     <span class='ocr_line' id='line_1_15' title="bbox 127 2003 1457 2095; baseline 0.001 -21"><span class='ocrx_word' id='word_1_133' title='bbox 127 2015 305 2075; x_wconf 84' lang='lat' dir='ltr'>Thessaliae</span> <span class='ocrx_word' id='word_1_134' title='bbox 323 2015 468 2092; x_wconf 90' lang='lat' dir='ltr'>populum</span> <span class='ocrx_word' id='word_1_135' title='bbox 493 2011 543 2089; x_wconf 84' lang='grc' dir='ltr'>(Ο.</span> <span class='ocrx_word' id='word_1_136' title='bbox 560 2014 585 2072; x_wconf 94' lang='grc' dir='ltr'>Ι.</span> <span class='ocrx_word' id='word_1_137' title='bbox 603 2011 658 2072; x_wconf 86' lang='lat' dir='ltr'>Gr.</span> <span class='ocrx_word' id='word_1_138' title='bbox 679 2032 708 2071; x_wconf 91' lang='lat' dir='ltr'>n.</span> <span class='ocrx_word' id='word_1_139' title='bbox 728 2012 822 2089; x_wconf 76' lang='grc'>1770)</span> <span class='ocrx_word' id='word_1_140' title='bbox 842 2006 1002 2095; x_wconf 69' lang='lat' dir='ltr'>crparspdc</span> <span class='ocrx_word' id='word_1_141' title='bbox 1020 2003 1127 2081; x_wconf 78' lang='grc' dir='ltr'>ὅπαιρς</span> <span class='ocrx_word' id='word_1_142' title='bbox 1145 2008 1286 2081; x_wconf 75' lang='grc' dir='ltr'>Ῥωμαίων</span> <span class='ocrx_word' id='word_1_143' title='bbox 1307 2016 1457 2075; x_wconf 90' lang='lat' dir='ltr'>similiter-</span> 
     </span>
     <span class='ocr_line' id='line_1_16' title="bbox 127 2111 1457 2193; baseline 0.002 -19"><span class='ocrx_word' id='word_1_144' title='bbox 127 2135 184 2193; x_wconf 87' lang='lat' dir='ltr'>que</span> <span class='ocrx_word' id='word_1_145' title='bbox 206 2118 237 2175; x_wconf 88' lang='lat' dir='ltr'>in</span> <span class='ocrx_word' id='word_1_146' title='bbox 257 2116 344 2174; x_wconf 90' lang='lat' dir='ltr'>titulo</span> <span class='ocrx_word' id='word_1_147' title='bbox 369 2114 508 2174; x_wconf 89' lang='lat' dir='ltr'>dedicato</span> <span class='ocrx_word' id='word_1_148' title='bbox 530 2115 557 2172; x_wconf 89' lang='lat' dir='ltr'>ei</span> <span class='ocrx_word' id='word_1_149' title='bbox 579 2133 598 2172; x_wconf 90' lang='lat' dir='ltr'>a</span> <span class='ocrx_word' id='word_1_150' title='bbox 620 2112 839 2191; x_wconf 83' lang='lat' dir='ltr'>Gytbiensibus</span> <span class='ocrx_word' id='word_1_151' title='bbox 861 2111 911 2189; x_wconf 85' lang='lat' dir='ltr'>(C.</span> <span class='ocrx_word' id='word_1_152' title='bbox 929 2113 954 2171; x_wconf 90' lang='grc' dir='ltr'>Ι.</span> <span class='ocrx_word' id='word_1_153' title='bbox 972 2111 1025 2172; x_wconf 83' lang='lat' dir='ltr'>Gr.</span> <span class='ocrx_word' id='word_1_154' title='bbox 1048 2113 1202 2191; x_wconf 79' lang='lat' dir='ltr'>n.1325),</span> <span class='ocrx_word' id='word_1_155' title='bbox 1224 2114 1283 2174; x_wconf 91' lang='lat' dir='ltr'>nisi</span> <span class='ocrx_word' id='word_1_156' title='bbox 1304 2117 1384 2192; x_wconf 92' lang='lat' dir='ltr'>quod</span> <span class='ocrx_word' id='word_1_157' title='bbox 1409 2118 1457 2177; x_wconf 91' lang='lat' dir='ltr'>hic</span> 
     </span>
     <span class='ocr_line' id='line_1_17' title="bbox 127 2205 1459 2296; baseline 0.001 -21"><span class='ocrx_word' id='word_1_158' title='bbox 127 2234 188 2275; x_wconf 86' lang='lat' dir='ltr'>non</span> <span class='ocrx_word' id='word_1_159' title='bbox 208 2216 328 2276; x_wconf 78' lang='lat' dir='ltr'>additur</span> <span class='ocrx_word' id='word_1_160' title='bbox 346 2207 496 2282; x_wconf 75' lang='grc' dir='ltr'><strong><em>Ῥωμαῖων.</em></strong></span> <span class='ocrx_word' id='word_1_161' title='bbox 533 2214 645 2274; x_wconf 79' lang='lat' dir='ltr'>Eadem</span> <span class='ocrx_word' id='word_1_162' title='bbox 668 2214 870 2291; x_wconf 79' lang='lat' dir='ltr'>appellatione</span> <span class='ocrx_word' id='word_1_163' title='bbox 891 2214 1055 2296; x_wconf 71' lang='grc' dir='ltr'>στρατηγοῦ</span> <span class='ocrx_word' id='word_1_164' title='bbox 1073 2205 1185 2271; x_wconf 69' lang='grc' dir='ltr'>ὑπάτου</span> <span class='ocrx_word' id='word_1_165' title='bbox 1204 2208 1345 2282; x_wconf 64' lang='grc' dir='ltr'><em>Ῥωμαίων</em></span> <span class='ocrx_word' id='word_1_166' title='bbox 1368 2218 1459 2276; x_wconf 76' lang='lat' dir='ltr'>utitur</span> 
     </span>
     <span class='ocr_line' id='line_1_18' title="bbox 127 2312 1456 2394; baseline -0.001 -17"><span class='ocrx_word' id='word_1_167' title='bbox 127 2319 321 2394; x_wconf 81' lang='lat' dir='ltr'>magistratus</span> <span class='ocrx_word' id='word_1_168' title='bbox 348 2318 374 2376; x_wconf 91' lang='lat' dir='ltr'>is</span> <span class='ocrx_word' id='word_1_169' title='bbox 400 2317 452 2393; x_wconf 90' lang='lat' dir='ltr'>qui</span> <span class='ocrx_word' id='word_1_170' title='bbox 479 2316 638 2393; x_wconf 89' lang='lat' dir='ltr'>epistulam</span> <span class='ocrx_word' id='word_1_171' title='bbox 667 2314 705 2372; x_wconf 93' lang='lat' dir='ltr'>ad</span> <span class='ocrx_word' id='word_1_172' title='bbox 733 2313 931 2373; x_wconf 84' lang='lat' dir='ltr'>Heracleotae</span> <span class='ocrx_word' id='word_1_173' title='bbox 953 2312 1062 2373; x_wconf 83' lang='lat' dir='ltr'>Cariae</span> <span class='ocrx_word' id='word_1_174' title='bbox 1090 2314 1171 2372; x_wconf 86' lang='lat' dir='ltr'>dedit</span> <span class='ocrx_word' id='word_1_175' title='bbox 1198 2316 1339 2374; x_wconf 86' lang='lat' dir='ltr'>insertam</span> <span class='ocrx_word' id='word_1_176' title='bbox 1370 2329 1400 2376; x_wconf 91' lang='lat' dir='ltr'>et</span> <span class='ocrx_word' id='word_1_177' title='bbox 1426 2319 1456 2376; x_wconf 93' lang='lat' dir='ltr'>in</span> 
     </span>
     <span class='ocr_line' id='line_1_19' title="bbox 129 2413 1457 2493; baseline -0.002 -14"><span class='ocrx_word' id='word_1_178' title='bbox 129 2417 164 2479; x_wconf 86' lang='lat' dir='ltr'>C.</span> <span class='ocrx_word' id='word_1_179' title='bbox 181 2419 203 2477; x_wconf 95' lang='lat' dir='ltr'>l.</span> <span class='ocrx_word' id='word_1_180' title='bbox 220 2416 275 2478; x_wconf 88' lang='lat' dir='ltr'>Gr.</span> <span class='ocrx_word' id='word_1_181' title='bbox 299 2438 327 2477; x_wconf 92' lang='lat' dir='ltr'>n.</span> <span class='ocrx_word' id='word_1_182' title='bbox 344 2417 425 2477; x_wconf 81' lang='lat'>3800</span> <span class='ocrx_word' id='word_1_183' title='bbox 448 2424 478 2475; x_wconf 89' lang='lat' dir='ltr'>et</span> <span class='ocrx_word' id='word_1_184' title='bbox 498 2416 617 2493; x_wconf 89' lang='lat' dir='ltr'>plenius</span> <span class='ocrx_word' id='word_1_185' title='bbox 639 2417 671 2473; x_wconf 94' lang='lat' dir='ltr'>in</span> <span class='ocrx_word' id='word_1_186' title='bbox 687 2414 827 2492; x_wconf 80' lang='lat' dir='ltr'>syllogen</span> <span class='ocrx_word' id='word_1_187' title='bbox 839 2413 962 2473; x_wconf 87' lang='lat' dir='ltr'>Lebasii</span> <span class='ocrx_word' id='word_1_188' title='bbox 985 2423 1014 2473; x_wconf 89' lang='lat' dir='ltr'>et</span> <span class='ocrx_word' id='word_1_189' title='bbox 1029 2415 1256 2491; x_wconf 84' lang='lat' dir='ltr'>Waddingtonii</span> <span class='ocrx_word' id='word_1_190' title='bbox 1271 2416 1319 2475; x_wconf 90' lang='lat'>111</span> <span class='ocrx_word' id='word_1_191' title='bbox 1341 2436 1369 2474; x_wconf 93' lang='lat' dir='ltr'>n.</span> <span class='ocrx_word' id='word_1_192' title='bbox 1386 2418 1457 2492; x_wconf 87' lang='lat'>588,</span> 
     </span>
     <span class='ocr_line' id='line_1_20' title="bbox 127 2513 1457 2595; baseline 0.001 -18"><span class='ocrx_word' id='word_1_193' title='bbox 127 2519 213 2578; x_wconf 89' lang='lat' dir='ltr'>cuius</span> <span class='ocrx_word' id='word_1_194' title='bbox 235 2537 415 2595; x_wconf 89' lang='lat' dir='ltr'>quamquam</span> <span class='ocrx_word' id='word_1_195' title='bbox 437 2533 547 2576; x_wconf 90' lang='lat' dir='ltr'>nomen</span> <span class='ocrx_word' id='word_1_196' title='bbox 568 2517 666 2592; x_wconf 90' lang='lat' dir='ltr'>periit,</span> <span class='ocrx_word' id='word_1_197' title='bbox 689 2534 756 2575; x_wconf 90' lang='lat' dir='ltr'>eum</span> <span class='ocrx_word' id='word_1_198' title='bbox 778 2515 872 2574; x_wconf 85' lang='lat' dir='ltr'>luisse</span> <span class='ocrx_word' id='word_1_199' title='bbox 888 2513 943 2574; x_wconf 85' lang='lat' dir='ltr'>Cn.</span> <span class='ocrx_word' id='word_1_200' title='bbox 959 2516 1104 2574; x_wconf 88' lang='lat' dir='ltr'>Manlium</span> <span class='ocrx_word' id='word_1_201' title='bbox 1118 2515 1281 2575; x_wconf 88' lang='lat' dir='ltr'>Volsonem</span> <span class='ocrx_word' id='word_1_202' title='bbox 1304 2519 1457 2578; x_wconf 90' lang='lat' dir='ltr'>consulem</span> 
     </span>
     <span class='ocr_line' id='line_1_21' title="bbox 127 2614 1457 2696; baseline -0.001 -17"><span class='ocrx_word' id='word_1_203' title='bbox 127 2639 154 2678; x_wconf 84' lang='lat' dir='ltr'>a.</span> <span class='ocrx_word' id='word_1_204' title='bbox 172 2619 232 2679; x_wconf 89' lang='grc'>565</span> <span class='ocrx_word' id='word_1_205' title='bbox 259 2619 420 2678; x_wconf 78' lang='lat' dir='ltr'>Hennenus</span> <span class='ocrx_word' id='word_1_206' title='bbox 449 2620 480 2676; x_wconf 93' lang='lat' dir='ltr'>in</span> <span class='ocrx_word' id='word_1_207' title='bbox 506 2637 575 2676; x_wconf 92' lang='lat' dir='ltr'>ann.</span> <span class='ocrx_word' id='word_1_208' title='bbox 602 2617 674 2675; x_wconf 88' lang='lat' dir='ltr'>inst.</span> <span class='ocrx_word' id='word_1_209' title='bbox 699 2614 778 2674; x_wconf 76' lang='lat'>1852</span> <span class='ocrx_word' id='word_1_210' title='bbox 804 2637 834 2693; x_wconf 89' lang='lat' dir='ltr'>p.</span> <span class='ocrx_word' id='word_1_211' title='bbox 855 2617 987 2692; x_wconf 83' lang='lat' dir='ltr'>140seq.</span> <span class='ocrx_word' id='word_1_212' title='bbox 1014 2617 1208 2693; x_wconf 87' lang='lat' dir='ltr'>probabiliter</span> <span class='ocrx_word' id='word_1_213' title='bbox 1234 2619 1363 2678; x_wconf 83' lang='lat' dir='ltr'>coniecit</span> <span class='ocrx_word' id='word_1_214' title='bbox 1388 2637 1457 2696; x_wconf 90' lang='lat' dir='ltr'>pro-</span> 
     </span>
     <span class='ocr_line' id='line_1_22' title="bbox 127 2715 1457 2796; baseline 0.001 -17"><span class='ocrx_word' id='word_1_215' title='bbox 127 2721 216 2779; x_wconf 91' lang='lat' dir='ltr'>bante</span> <span class='ocrx_word' id='word_1_216' title='bbox 230 2722 320 2780; x_wconf 87' lang='lat' dir='ltr'>etiam</span> <span class='ocrx_word' id='word_1_217' title='bbox 332 2719 573 2796; x_wconf 80' lang='lat' dir='ltr'>Waddingtonio.</span> <span class='ocrx_word' id='word_1_218' title='bbox 607 2715 793 2791; x_wconf 86' lang='lat' dir='ltr'>Quibuscum</span> <span class='ocrx_word' id='word_1_219' title='bbox 810 2717 860 2775; x_wconf 92' lang='lat' dir='ltr'>ubi</span> <span class='ocrx_word' id='word_1_220' title='bbox 875 2717 1081 2793; x_wconf 91' lang='lat' dir='ltr'>componimus</span> <span class='ocrx_word' id='word_1_221' title='bbox 1097 2718 1215 2777; x_wconf 90' lang='lat' dir='ltr'>titulum</span> <span class='ocrx_word' id='word_1_222' title='bbox 1230 2720 1362 2778; x_wconf 88' lang='lat' dir='ltr'>ciusdem</span> <span class='ocrx_word' id='word_1_223' title='bbox 1377 2730 1457 2780; x_wconf 87' lang='lat' dir='ltr'>aeta·</span> 
     </span>
     <span class='ocr_line' id='line_1_23' title="bbox 127 2816 1458 2899; baseline 0.002 -20"><span class='ocrx_word' id='word_1_224' title='bbox 127 2823 176 2895; x_wconf 88' lang='lat' dir='ltr'>tis,</span> <span class='ocrx_word' id='word_1_225' title='bbox 198 2840 305 2899; x_wconf 87' lang='lat' dir='ltr'>nempe</span> <span class='ocrx_word' id='word_1_226' title='bbox 320 2822 391 2880; x_wconf 93' lang='lat' dir='ltr'>anni</span> <span class='ocrx_word' id='word_1_227' title='bbox 406 2820 464 2879; x_wconf 90' lang='grc'><strong>561</strong></span> <span class='ocrx_word' id='word_1_228' title='bbox 489 2817 576 2894; x_wconf 83' lang='lat'>(0.1.</span> <span class='ocrx_word' id='word_1_229' title='bbox 589 2816 644 2878; x_wconf 87' lang='lat' dir='ltr'>Gr.</span> <span class='ocrx_word' id='word_1_230' title='bbox 660 2838 689 2877; x_wconf 91' lang='lat' dir='ltr'>n.</span> <span class='ocrx_word' id='word_1_231' title='bbox 702 2817 809 2893; x_wconf 80' lang='lat'>3045),</span> <span class='ocrx_word' id='word_1_232' title='bbox 831 2818 861 2876; x_wconf 92' lang='lat' dir='ltr'>in</span> <span class='ocrx_word' id='word_1_233' title='bbox 876 2835 936 2893; x_wconf 92' lang='lat' dir='ltr'>quo</span> <span class='ocrx_word' id='word_1_234' title='bbox 950 2817 991 2876; x_wconf 86' lang='grc' dir='ltr'>Μ.</span> <span class='ocrx_word' id='word_1_235' title='bbox 1003 2817 1142 2876; x_wconf 89' lang='lat' dir='ltr'>Valerius</span> <span class='ocrx_word' id='word_1_236' title='bbox 1157 2829 1276 2894; x_wconf 89' lang='lat' dir='ltr'>praetor</span> <span class='ocrx_word' id='word_1_237' title='bbox 1290 2822 1458 2898; x_wconf 88' lang='lat' dir='ltr'>appellatur</span> 
     </span>
     <span class='ocr_line' id='line_1_24' title="bbox 129 2907 1524 3009; baseline 0.002 -31"><span class='ocrx_word' id='word_1_238' title='bbox 129 2915 299 3005; x_wconf 69' lang='grc' dir='ltr'>στρατηγός,</span> <span class='ocrx_word' id='word_1_239' title='bbox 321 2921 389 2980; x_wconf 91' lang='lat' dir='ltr'>inde</span> <span class='ocrx_word' id='word_1_240' title='bbox 410 2921 588 2998; x_wconf 85' lang='lat' dir='ltr'>colligemus</span> <span class='ocrx_word' id='word_1_241' title='bbox 606 2917 739 2979; x_wconf 88' lang='lat' dir='ltr'>Graecos</span> <span class='ocrx_word' id='word_1_242' title='bbox 761 2919 792 2977; x_wconf 92' lang='lat' dir='ltr'>in</span> <span class='ocrx_word' id='word_1_243' title='bbox 814 2919 1036 2996; x_wconf 82' lang='lat' dir='ltr'>magistratibus</span> <span class='ocrx_word' id='word_1_244' title='bbox 1058 2919 1222 2979; x_wconf 90' lang='lat' dir='ltr'>maioribus</span> <span class='ocrx_word' id='word_1_245' title='bbox 1239 2920 1384 2981; x_wconf 84' lang='lat' dir='ltr'>Romanis</span> <span class='ocrx_word' id='word_1_246' title='bbox 1405 2943 1456 3000; x_wconf 89' lang='lat' dir='ltr'>ap·</span> <span class='ocrx_word' id='word_1_247' title='bbox 1497 3005 1499 3009; x_wconf 10' lang='lat' dir='ltr'>y</span> <span class='ocrx_word' id='word_1_248' title='bbox 1522 2907 1524 2911; x_wconf 45' lang='grc'>’</span> 
     </span>
     <span class='ocr_line' id='line_1_25' title="bbox 127 3020 1458 3099; baseline 0.001 -17"><span class='ocrx_word' id='word_1_249' title='bbox 127 3023 276 3099; x_wconf 77' lang='lat' dir='ltr'>pellendis</span> <span class='ocrx_word' id='word_1_250' title='bbox 291 3023 437 3082; x_wconf 80' lang='lat' dir='ltr'>vocabula</span> <span class='ocrx_word' id='word_1_251' title='bbox 457 3022 645 3099; x_wconf 87' lang='lat' dir='ltr'>expressisse</span> <span class='ocrx_word' id='word_1_252' title='bbox 667 3020 814 3096; x_wconf 88' lang='lat' dir='ltr'>praetoris</span> <span class='ocrx_word' id='word_1_253' title='bbox 837 3020 961 3078; x_wconf 81' lang='lat' dir='ltr'>maximi</span> <span class='ocrx_word' id='word_1_254' title='bbox 980 3027 1010 3077; x_wconf 89' lang='lat' dir='ltr'>et</span> <span class='ocrx_word' id='word_1_255' title='bbox 1024 3022 1183 3097; x_wconf 89' lang='lat' dir='ltr'>praetoris,</span> <span class='ocrx_word' id='word_1_256' title='bbox 1204 3039 1264 3080; x_wconf 92' lang='lat' dir='ltr'>non</span> <span class='ocrx_word' id='word_1_257' title='bbox 1279 3024 1413 3082; x_wconf 88' lang='lat' dir='ltr'>consulis</span> <span class='ocrx_word' id='word_1_258' title='bbox 1428 3033 1458 3083; x_wconf 92' lang='lat' dir='ltr'>et</span> 
     </span>
     <span class='ocr_line' id='line_1_26' title="bbox 128 3119 1457 3201; baseline 0 -19"><span class='ocrx_word' id='word_1_259' title='bbox 128 3125 284 3201; x_wconf 88' lang='lat' dir='ltr'>praetoris,</span> <span class='ocrx_word' id='word_1_260' title='bbox 299 3125 362 3184; x_wconf 85' lang='lat' dir='ltr'>sive</span> <span class='ocrx_word' id='word_1_261' title='bbox 377 3123 459 3200; x_wconf 91' lang='lat' dir='ltr'>qnod</span> <span class='ocrx_word' id='word_1_262' title='bbox 473 3123 608 3182; x_wconf 90' lang='lat' dir='ltr'>consulis</span> <span class='ocrx_word' id='word_1_263' title='bbox 623 3121 786 3200; x_wconf 88' lang='lat' dir='ltr'>appellatio</span> <span class='ocrx_word' id='word_1_264' title='bbox 800 3121 852 3181; x_wconf 85' lang='lat' dir='ltr'>vix</span> <span class='ocrx_word' id='word_1_265' title='bbox 866 3128 966 3197; x_wconf 91' lang='lat' dir='ltr'>potest</span> <span class='ocrx_word' id='word_1_266' title='bbox 979 3123 1099 3198; x_wconf 90' lang='lat' dir='ltr'>proprie</span> <span class='ocrx_word' id='word_1_267' title='bbox 1111 3119 1227 3181; x_wconf 87' lang='lat' dir='ltr'>Graece</span> <span class='ocrx_word' id='word_1_268' title='bbox 1242 3124 1318 3182; x_wconf 82' lang='lat' dir='ltr'>verti</span> <span class='ocrx_word' id='word_1_269' title='bbox 1329 3123 1366 3199; x_wconf 89' lang='lat'>¹),</span> <span class='ocrx_word' id='word_1_270' title='bbox 1383 3125 1457 3196; x_wconf 81' lang='lat' dir='ltr'>sire,</span> 
     </span>
     <span class='ocr_line' id='line_1_27' title="bbox 128 3219 1457 3300; baseline 0.002 -19"><span class='ocrx_word' id='word_1_271' title='bbox 128 3225 160 3281; x_wconf 93' lang='lat' dir='ltr'>id</span> <span class='ocrx_word' id='word_1_272' title='bbox 180 3225 262 3300; x_wconf 92' lang='lat' dir='ltr'>quod</span> <span class='ocrx_word' id='word_1_273' title='bbox 283 3225 380 3300; x_wconf 81' lang='lat' dir='ltr'>magis</span> <span class='ocrx_word' id='word_1_274' title='bbox 402 3224 588 3294; x_wconf 87' lang='lat' dir='ltr'>crediderim,</span> <span class='ocrx_word' id='word_1_275' title='bbox 611 3222 689 3298; x_wconf 92' lang='lat' dir='ltr'>quod</span> <span class='ocrx_word' id='word_1_276' title='bbox 710 3221 907 3280; x_wconf 80' lang='lat' dir='ltr'>formularum</span> <span class='ocrx_word' id='word_1_277' title='bbox 930 3219 1115 3281; x_wconf 82' lang='lat' dir='ltr'>Graecarum</span> <span class='ocrx_word' id='word_1_278' title='bbox 1137 3223 1222 3298; x_wconf 84' lang='lat' dir='ltr'>origo</span> <span class='ocrx_word' id='word_1_279' title='bbox 1244 3224 1399 3283; x_wconf 89' lang='lat' dir='ltr'>adscendit</span> <span class='ocrx_word' id='word_1_280' title='bbox 1419 3225 1457 3283; x_wconf 93' lang='lat' dir='ltr'>ad</span> 
     </span>
     <span class='ocr_line' id='line_1_28' title="bbox 128 3321 1456 3401; baseline 0 -19"><span class='ocrx_word' id='word_1_281' title='bbox 128 3323 161 3382; x_wconf 89' lang='lat' dir='ltr'>id</span> <span class='ocrx_word' id='word_1_282' title='bbox 189 3335 323 3401; x_wconf 90' lang='lat' dir='ltr'>tempus,</span> <span class='ocrx_word' id='word_1_283' title='bbox 351 3341 412 3399; x_wconf 89' lang='lat' dir='ltr'>quo</span> <span class='ocrx_word' id='word_1_284' title='bbox 438 3323 570 3381; x_wconf 91' lang='lat' dir='ltr'>consulis</span> <span class='ocrx_word' id='word_1_285' title='bbox 593 3322 754 3399; x_wconf 89' lang='lat' dir='ltr'>appellatio</span> <span class='ocrx_word' id='word_1_286' title='bbox 776 3321 908 3396; x_wconf 82' lang='lat' dir='ltr'>vulgaris</span> <span class='ocrx_word' id='word_1_287' title='bbox 929 3321 1027 3398; x_wconf 83' lang='lat' dir='ltr'>magis</span> <span class='ocrx_word' id='word_1_288' title='bbox 1048 3322 1106 3379; x_wconf 83' lang='lat' dir='ltr'>luit</span> <span class='ocrx_word' id='word_1_289' title='bbox 1126 3339 1216 3397; x_wconf 90' lang='lat' dir='ltr'>quam</span> <span class='ocrx_word' id='word_1_290' title='bbox 1238 3323 1401 3383; x_wconf 90' lang='lat' dir='ltr'>sollemnis.</span> <span class='ocrx_word' id='word_1_291' title='bbox 1418 3357 1456 3368; x_wconf 88' lang='lat'><em>-</em></span> 
     </span>
     <span class='ocr_line' id='line_1_29' title="bbox 128 3420 1457 3498; baseline -0.002 -15"><span class='ocrx_word' id='word_1_292' title='bbox 128 3423 247 3483; x_wconf 87' lang='lat' dir='ltr'>Deinde</span> <span class='ocrx_word' id='word_1_293' title='bbox 274 3442 342 3483; x_wconf 91' lang='lat' dir='ltr'>cnm</span> <span class='ocrx_word' id='word_1_294' title='bbox 369 3422 523 3482; x_wconf 84' lang='lat' dir='ltr'>brevitatis</span> <span class='ocrx_word' id='word_1_295' title='bbox 549 3438 654 3494; x_wconf 87' lang='lat' dir='ltr'>causa,</span> <span class='ocrx_word' id='word_1_296' title='bbox 680 3431 744 3479; x_wconf 88' lang='lat' dir='ltr'>tam</span> <span class='ocrx_word' id='word_1_297' title='bbox 769 3427 802 3477; x_wconf 93' lang='lat' dir='ltr'>ut</span> <span class='ocrx_word' id='word_1_298' title='bbox 822 3420 961 3479; x_wconf 88' lang='lat' dir='ltr'>consules</span> <span class='ocrx_word' id='word_1_299' title='bbox 982 3428 1196 3498; x_wconf 86' lang='lat' dir='ltr'>praetoresque</span> <span class='ocrx_word' id='word_1_300' title='bbox 1218 3425 1329 3482; x_wconf 89' lang='lat' dir='ltr'>certius</span> <span class='ocrx_word' id='word_1_301' title='bbox 1351 3424 1457 3483; x_wconf 91' lang='lat' dir='ltr'>distin·</span> 
     </span>
     <span class='ocr_line' id='line_1_30' title="bbox 128 3520 1456 3602; baseline 0 -19"><span class='ocrx_word' id='word_1_302' title='bbox 128 3535 298 3602; x_wconf 80' lang='lat' dir='ltr'>gustentur,</span> <span class='ocrx_word' id='word_1_303' title='bbox 324 3525 355 3582; x_wconf 90' lang='lat' dir='ltr'>in</span> <span class='ocrx_word' id='word_1_304' title='bbox 381 3531 517 3600; x_wconf 87' lang='lat' dir='ltr'>praetore</span> <span class='ocrx_word' id='word_1_305' title='bbox 543 3522 677 3581; x_wconf 84' lang='lat' dir='ltr'>maximo</span> <span class='ocrx_word' id='word_1_306' title='bbox 703 3520 924 3581; x_wconf 86' lang='lat' dir='ltr'>substantivum</span> <span class='ocrx_word' id='word_1_307' title='bbox 950 3521 1046 3580; x_wconf 91' lang='lat' dir='ltr'>omitti</span> <span class='ocrx_word' id='word_1_308' title='bbox 1072 3531 1209 3599; x_wconf 87' lang='lat' dir='ltr'>coeptum</span> <span class='ocrx_word' id='word_1_309' title='bbox 1237 3533 1284 3582; x_wconf 92' lang='lat' dir='ltr'>est</span> <span class='ocrx_word' id='word_1_310' title='bbox 1310 3525 1456 3583; x_wconf 84' lang='lat' dir='ltr'>adiectivo</span> 
     </span>
     <span class='ocr_line' id='line_1_31' title="bbox 129 3620 1456 3700; baseline 0 -16"><span class='ocrx_word' id='word_1_311' title='bbox 129 3627 196 3685; x_wconf 91' lang='lat' dir='ltr'>solo</span> <span class='ocrx_word' id='word_1_312' title='bbox 222 3634 346 3684; x_wconf 88' lang='lat' dir='ltr'>retento.</span> <span class='ocrx_word' id='word_1_313' title='bbox 390 3623 544 3683; x_wconf 82' lang='lat' dir='ltr'>Brevioris</span> <span class='ocrx_word' id='word_1_314' title='bbox 572 3623 638 3682; x_wconf 90' lang='lat' dir='ltr'>eius</span> <span class='ocrx_word' id='word_1_315' title='bbox 663 3620 826 3681; x_wconf 89' lang='lat' dir='ltr'>locutionis</span> <span class='ocrx_word' id='word_1_316' title='bbox 852 3621 883 3679; x_wconf 92' lang='lat' dir='ltr'>in</span> <span class='ocrx_word' id='word_1_317' title='bbox 905 3620 995 3680; x_wconf 89' lang='lat' dir='ltr'>editis</span> <span class='ocrx_word' id='word_1_318' title='bbox 1016 3621 1113 3680; x_wconf 91' lang='lat' dir='ltr'>titulis</span> <span class='ocrx_word' id='word_1_319' title='bbox 1135 3639 1194 3680; x_wconf 90' lang='lat' dir='ltr'>non</span> <span class='ocrx_word' id='word_1_320' title='bbox 1216 3626 1334 3700; x_wconf 87' lang='lat' dir='ltr'>repperi</span> <span class='ocrx_word' id='word_1_321' title='bbox 1356 3643 1456 3684; x_wconf 85' lang='lat' dir='ltr'>exem-</span> 
     </span>
     <span class='ocr_line' id='line_1_32' title="bbox 129 3721 1457 3804; baseline 0 -19"><span class='ocrx_word' id='word_1_322' title='bbox 129 3727 211 3804; x_wconf 89' lang='lat' dir='ltr'>plum</span> <span class='ocrx_word' id='word_1_323' title='bbox 238 3726 391 3803; x_wconf 89' lang='lat' dir='ltr'>antiquins</span> <span class='ocrx_word' id='word_1_324' title='bbox 419 3724 573 3802; x_wconf 89' lang='lat' dir='ltr'>lapidibus</span> <span class='ocrx_word' id='word_1_325' title='bbox 598 3722 736 3782; x_wconf 88' lang='lat' dir='ltr'>miliariis</span> <span class='ocrx_word' id='word_1_326' title='bbox 763 3721 895 3781; x_wconf 89' lang='lat' dir='ltr'>consulis</span> <span class='ocrx_word' id='word_1_327' title='bbox 922 3739 949 3779; x_wconf 88' lang='lat' dir='ltr'>a.</span> <span class='ocrx_word' id='word_1_328' title='bbox 966 3741 995 3779; x_wconf 91' lang='lat' dir='ltr'>n.</span> <span class='ocrx_word' id='word_1_329' title='bbox 1011 3740 1036 3780; x_wconf 92' lang='lat' dir='ltr'>o.</span> <span class='ocrx_word' id='word_1_330' title='bbox 1053 3721 1113 3782; x_wconf 78' lang='lat'>625</span> <span class='ocrx_word' id='word_1_331' title='bbox 1139 3723 1190 3781; x_wconf 65' lang='lat' dir='ltr'>M!</span> <span class='ocrx_word' id='word_1_332' title='bbox 1212 3724 1340 3800; x_wconf 83' lang='lat' dir='ltr'>Aquillii</span> <span class='ocrx_word' id='word_1_333' title='bbox 1366 3727 1457 3785; x_wconf 87' lang='lat' dir='ltr'>vol.I</span> 
     </span>
     <span class='ocr_line' id='line_1_33' title="bbox 129 3822 1456 3902; baseline 0 -16"><span class='ocrx_word' id='word_1_334' title='bbox 129 3847 158 3886; x_wconf 90' lang='lat' dir='ltr'>n.</span> <span class='ocrx_word' id='word_1_335' title='bbox 175 3827 235 3887; x_wconf 84' lang='grc'>557</span> <span class='ocrx_word' id='word_1_336' title='bbox 252 3852 290 3878; x_wconf 93' lang='grc'>--·</span> <span class='ocrx_word' id='word_1_337' title='bbox 307 3826 364 3899; x_wconf 87' lang='lat'>111,</span> <span class='ocrx_word' id='word_1_338' title='bbox 380 3827 451 3887; x_wconf 78' lang='lat'>479.</span> <span class='ocrx_word' id='word_1_339' title='bbox 468 3825 559 3899; x_wconf 87' lang='grc'>6093,</span> <span class='ocrx_word' id='word_1_340' title='bbox 581 3844 636 3885; x_wconf 89' lang='lat' dir='ltr'>nec</span> <span class='ocrx_word' id='word_1_341' title='bbox 657 3824 827 3902; x_wconf 90' lang='lat' dir='ltr'>repperisse</span> <span class='ocrx_word' id='word_1_342' title='bbox 849 3840 882 3882; x_wconf 90' lang='lat' dir='ltr'>se</span> <span class='ocrx_word' id='word_1_343' title='bbox 904 3822 1025 3899; x_wconf 88' lang='lat' dir='ltr'>scripsit</span> <span class='ocrx_word' id='word_1_344' title='bbox 1039 3823 1137 3882; x_wconf 91' lang='lat' dir='ltr'>adme</span> <span class='ocrx_word' id='word_1_345' title='bbox 1152 3824 1353 3900; x_wconf 89' lang='lat' dir='ltr'>peritissimus</span> <span class='ocrx_word' id='word_1_346' title='bbox 1368 3827 1456 3886; x_wconf 92' lang='lat' dir='ltr'>buius</span> 
     </span>
     <span class='ocr_line' id='line_1_34' title="bbox 129 3922 1457 4006; baseline 0.001 -20"><span class='ocrx_word' id='word_1_347' title='bbox 129 3929 303 4006; x_wconf 82' lang='lat' dir='ltr'>provinciae</span> <span class='ocrx_word' id='word_1_348' title='bbox 324 3928 536 4006; x_wconf 82' lang='lat' dir='ltr'>epigraphicae</span> <span class='ocrx_word' id='word_1_349' title='bbox 557 3927 732 4002; x_wconf 87' lang='lat' dir='ltr'>explorator</span> <span class='ocrx_word' id='word_1_350' title='bbox 746 3922 967 4001; x_wconf 81' lang='lat' dir='ltr'>Dittenberger.</span> <span class='ocrx_word' id='word_1_351' title='bbox 1003 3923 1151 3983; x_wconf 90' lang='lat' dir='ltr'>Ineditum</span> <span class='ocrx_word' id='word_1_352' title='bbox 1167 3933 1266 3984; x_wconf 86' lang='lat' dir='ltr'>autem</span> <span class='ocrx_word' id='word_1_353' title='bbox 1281 3927 1377 3987; x_wconf 88' lang='lat' dir='ltr'>adhuc</span> <span class='ocrx_word' id='word_1_354' title='bbox 1392 3928 1457 4005; x_wconf 88' lang='lat' dir='ltr'>pul·</span> 
     </span>
     <span class='ocr_line' id='line_1_35' title="bbox 130 4018 1458 4108; baseline 0.001 -22"><span class='ocrx_word' id='word_1_355' title='bbox 130 4029 368 4105; x_wconf 88' lang='lat' dir='ltr'>cherrimumque</span> <span class='ocrx_word' id='word_1_356' title='bbox 383 4037 616 4100; x_wconf 88' lang='lat' dir='ltr'>monumentum,</span> <span class='ocrx_word' id='word_1_357' title='bbox 639 4044 699 4103; x_wconf 93' lang='lat' dir='ltr'>quo</span> <span class='ocrx_word' id='word_1_358' title='bbox 717 4025 822 4084; x_wconf 90' lang='lat' dir='ltr'>consul</span> <span class='ocrx_word' id='word_1_359' title='bbox 842 4044 870 4084; x_wconf 91' lang='lat' dir='ltr'>a.</span> <span class='ocrx_word' id='word_1_360' title='bbox 887 4025 946 4084; x_wconf 83' lang='grc'><strong>584</strong></span> <span class='ocrx_word' id='word_1_361' title='bbox 969 4025 1008 4082; x_wconf 77' lang='grc' dir='ltr'>Α.</span> <span class='ocrx_word' id='word_1_362' title='bbox 1024 4024 1175 4085; x_wconf 86' lang='lat' dir='ltr'>Hostilius</span> <span class='ocrx_word' id='word_1_363' title='bbox 1190 4018 1299 4089; x_wconf 71' lang='grc' dir='ltr'><em>ὕπατος</em></span> <span class='ocrx_word' id='word_1_364' title='bbox 1312 4029 1390 4087; x_wconf 88' lang='lat' dir='ltr'>nude</span> <span class='ocrx_word' id='word_1_365' title='bbox 1405 4048 1458 4108; x_wconf 89' lang='lat' dir='ltr'>sp-</span> 
     </span>
     <span class='ocr_line' id='line_1_36' title="bbox 129 4125 1459 4206; baseline 0.002 -20"><span class='ocrx_word' id='word_1_366' title='bbox 129 4128 268 4205; x_wconf 89' lang='lat' dir='ltr'>pellatur,</span> <span class='ocrx_word' id='word_1_367' title='bbox 295 4130 467 4206; x_wconf 88' lang='lat' dir='ltr'>propediem</span> <span class='ocrx_word' id='word_1_368' title='bbox 493 4129 632 4187; x_wconf 88' lang='lat' dir='ltr'>ostendet</span> <span class='ocrx_word' id='word_1_369' title='bbox 657 4145 722 4186; x_wconf 89' lang='lat' dir='ltr'>eam</span> <span class='ocrx_word' id='word_1_370' title='bbox 749 4125 993 4184; x_wconf 88' lang='lat' dir='ltr'>consuetudinem</span> <span class='ocrx_word' id='word_1_371' title='bbox 1019 4136 1088 4184; x_wconf 91' lang='lat' dir='ltr'>ante</span> <span class='ocrx_word' id='word_1_372' title='bbox 1112 4126 1172 4184; x_wconf 90' lang='lat' dir='ltr'>iam</span> <span class='ocrx_word' id='word_1_373' title='bbox 1194 4128 1327 4204; x_wconf 90' lang='lat' dir='ltr'>coepisse</span> <span class='ocrx_word' id='word_1_374' title='bbox 1348 4129 1418 4189; x_wconf 87' lang='lat' dir='ltr'>inde</span> <span class='ocrx_word' id='word_1_375' title='bbox 1440 4149 1459 4189; x_wconf 87' lang='lat' dir='ltr'>a</span> 
     </span>
     <span class='ocr_line' id='line_1_37' title="bbox 130 4224 1456 4304; baseline 0.001 -16"><span class='ocrx_word' id='word_1_376' title='bbox 130 4229 251 4288; x_wconf 84' lang='lat' dir='ltr'>saeculo</span> <span class='ocrx_word' id='word_1_377' title='bbox 273 4230 356 4288; x_wconf 89' lang='lat' dir='ltr'>urbis</span> <span class='ocrx_word' id='word_1_378' title='bbox 378 4238 466 4290; x_wconf 84' lang='lat' dir='ltr'>sexto</span> <span class='ocrx_word' id='word_1_379' title='bbox 488 4236 624 4289; x_wconf 84' lang='lat' dir='ltr'>exeunte.</span> <span class='ocrx_word' id='word_1_380' title='bbox 640 4259 680 4270; x_wconf 91' lang='grc'>-</span> <span class='ocrx_word' id='word_1_381' title='bbox 702 4224 829 4287; x_wconf 87' lang='lat' dir='ltr'>Saeculo</span> <span class='ocrx_word' id='word_1_382' title='bbox 851 4225 979 4303; x_wconf 88' lang='lat' dir='ltr'>septimo</span> <span class='ocrx_word' id='word_1_383' title='bbox 1001 4226 1118 4301; x_wconf 92' lang='lat' dir='ltr'>plenior</span> <span class='ocrx_word' id='word_1_384' title='bbox 1139 4227 1301 4304; x_wconf 90' lang='lat' dir='ltr'>appellatio</span> <span class='ocrx_word' id='word_1_385' title='bbox 1322 4230 1456 4289; x_wconf 88' lang='lat' dir='ltr'>rarescit.</span> 
     </span>
     <span class='ocr_line' id='line_1_38' title="bbox 129 4325 1458 4406; baseline 0.001 -19"><span class='ocrx_word' id='word_1_386' title='bbox 129 4329 226 4388; x_wconf 86' lang='lat' dir='ltr'>Adest</span> <span class='ocrx_word' id='word_1_387' title='bbox 252 4329 372 4406; x_wconf 89' lang='lat' dir='ltr'>quidem</span> <span class='ocrx_word' id='word_1_388' title='bbox 398 4331 429 4388; x_wconf 93' lang='lat' dir='ltr'>in</span> <span class='ocrx_word' id='word_1_389' title='bbox 455 4329 544 4389; x_wconf 89' lang='lat' dir='ltr'>titulo</span> <span class='ocrx_word' id='word_1_390' title='bbox 565 4327 712 4387; x_wconf 85' lang='lat' dir='ltr'>Thebano</span> <span class='ocrx_word' id='word_1_391' title='bbox 738 4326 831 4403; x_wconf 88' lang='lat' dir='ltr'>(Keil</span> <span class='ocrx_word' id='word_1_392' title='bbox 857 4326 925 4403; x_wconf 80' lang='lat' dir='ltr'>syll.</span> <span class='ocrx_word' id='word_1_393' title='bbox 947 4327 1036 4384; x_wconf 90' lang='lat' dir='ltr'>insor.</span> <span class='ocrx_word' id='word_1_394' title='bbox 1059 4325 1164 4385; x_wconf 88' lang='lat' dir='ltr'>Boeot.</span> <span class='ocrx_word' id='word_1_395' title='bbox 1191 4347 1220 4404; x_wconf 93' lang='lat' dir='ltr'>p.</span> <span class='ocrx_word' id='word_1_396' title='bbox 1239 4327 1297 4405; x_wconf 84' lang='lat'>83)</span> <span class='ocrx_word' id='word_1_397' title='bbox 1325 4329 1458 4389; x_wconf 90' lang='lat' dir='ltr'>consulis</span> 
     </span>
     <span class='ocr_line' id='line_1_39' title="bbox 129 4417 1456 4510; baseline 0 -22"><span class='ocrx_word' id='word_1_398' title='bbox 129 4449 158 4489; x_wconf 84' lang='lat' dir='ltr'>a.</span> <span class='ocrx_word' id='word_1_399' title='bbox 173 4429 249 4490; x_wconf 79' lang='lat'><strong>608:</strong></span> <span class='ocrx_word' id='word_1_400' title='bbox 271 4420 419 4509; x_wconf 77' lang='grc' dir='ltr'>[Λ]εν’κιος</span> <span class='ocrx_word' id='word_1_401' title='bbox 440 4421 567 4499; x_wconf 61' lang='grc' dir='ltr'>Μέμμιος</span> <span class='ocrx_word' id='word_1_402' title='bbox 579 4420 697 4486; x_wconf 68' lang='grc' dir='ltr'>Λευκίου</span> <span class='ocrx_word' id='word_1_403' title='bbox 721 4420 912 4510; x_wconf 71' lang='grc' dir='ltr'>[σ]τρατηιγδς</span> <span class='ocrx_word' id='word_1_404' title='bbox 932 4417 1059 4505; x_wconf 67' lang='grc' dir='ltr'>ὄπτα-[ος</span> <span class='ocrx_word' id='word_1_405' title='bbox 1078 4419 1234 4504; x_wconf 74' lang='grc' dir='ltr'>Ῥω]μαι’ων</span> <span class='ocrx_word' id='word_1_406' title='bbox 1255 4431 1312 4488; x_wconf 80' lang='grc' dir='ltr'>τοῖς</span> <span class='ocrx_word' id='word_1_407' title='bbox 1332 4425 1456 4508; x_wconf 69' lang='lat' dir='ltr'>82[0tr]‚</span> 
     </span>
     <span class='ocr_line' id='line_1_40' title="bbox 128 4525 1457 4607; baseline 0.001 -18"><span class='ocrx_word' id='word_1_408' title='bbox 128 4532 200 4590; x_wconf 86' lang='lat' dir='ltr'>item</span> <span class='ocrx_word' id='word_1_409' title='bbox 228 4530 261 4589; x_wconf 91' lang='lat' dir='ltr'>in</span> <span class='ocrx_word' id='word_1_410' title='bbox 288 4527 392 4590; x_wconf 85' lang='lat' dir='ltr'>Samio</span> <span class='ocrx_word' id='word_1_411' title='bbox 421 4549 474 4603; x_wconf 90' lang='lat' dir='ltr'>eo,</span> <span class='ocrx_word' id='word_1_412' title='bbox 507 4548 595 4606; x_wconf 90' lang='lat' dir='ltr'>quem</span> <span class='ocrx_word' id='word_1_413' title='bbox 624 4546 717 4607; x_wconf 89' lang='lat' dir='ltr'>snpra</span> <span class='ocrx_word' id='word_1_414' title='bbox 745 4527 917 4601; x_wconf 88' lang='lat' dir='ltr'>attulimus,</span> <span class='ocrx_word' id='word_1_415' title='bbox 953 4525 1102 4603; x_wconf 55' lang='grc'><strong>56191)</strong></span> <span class='ocrx_word' id='word_1_416' title='bbox 1132 4533 1163 4586; x_wconf 89' lang='lat' dir='ltr'>et</span> <span class='ocrx_word' id='word_1_417' title='bbox 1189 4529 1270 4603; x_wconf 90' lang='lat' dir='ltr'>apud</span> <span class='ocrx_word' id='word_1_418' title='bbox 1296 4528 1457 4606; x_wconf 85' lang='lat' dir='ltr'>Polybium</span> 
     </span>
    </p>
   </div>
   <div class='ocr_carea' id='block_1_4' title="bbox 128 4711 1456 5158">
    <p class='ocr_par' dir='ltr' id='par_1_4' title="bbox 128 4711 1456 5158">
     <span class='ocr_line' id='line_1_41' title="bbox 207 4711 1456 4803; baseline -0.002 -27"><span class='ocrx_word' id='word_1_419' title='bbox 207 4721 231 4787; x_wconf 87' lang='lat'>¹)</span> <span class='ocrx_word' id='word_1_420' title='bbox 258 4721 386 4776; x_wconf 76' lang='lat' dir='ltr'>Consules</span> <span class='ocrx_word' id='word_1_421' title='bbox 404 4731 503 4776; x_wconf 77' lang='lat' dir='ltr'>vertera</span> <span class='ocrx_word' id='word_1_422' title='bbox 525 4711 686 4791; x_wconf 70' lang='grc' dir='ltr'>συμβοῦλοις</span> <span class='ocrx_word' id='word_1_423' title='bbox 703 4721 846 4786; x_wconf 87' lang='lat' dir='ltr'>Dionysius</span> <span class='ocrx_word' id='word_1_424' title='bbox 865 4721 969 4786; x_wconf 87' lang='lat' dir='ltr'>quidem</span> <span class='ocrx_word' id='word_1_425' title='bbox 986 4721 1084 4784; x_wconf 86' lang='lat' dir='ltr'>potuit,</span> <span class='ocrx_word' id='word_1_426' title='bbox 1109 4735 1162 4771; x_wconf 93' lang='lat' dir='ltr'>non</span> <span class='ocrx_word' id='word_1_427' title='bbox 1180 4722 1264 4785; x_wconf 83' lang='lat' dir='ltr'>potuit</span> <span class='ocrx_word' id='word_1_428' title='bbox 1282 4720 1393 4803; x_wconf 80' lang='lat' dir='ltr'>Graecia</span> <span class='ocrx_word' id='word_1_429' title='bbox 1411 4735 1456 4773; x_wconf 89' lang='lat' dir='ltr'>an·</span> 
     </span>
     <span class='ocr_line' id='line_1_42' title="bbox 129 4817 1455 4973; baseline -0.003 -15"><span class='ocrx_word' id='word_1_430' title='bbox 129 4817 232 4969; x_wconf 41' lang='lat' dir='ltr'>almi)</span> <span class='ocrx_word' id='word_1_431' title='bbox 259 4905 329 4958; x_wconf 72' lang='lat' dir='ltr'>vide</span> <span class='ocrx_word' id='word_1_432' title='bbox 352 4920 379 4972; x_wconf 82' lang='lat' dir='ltr'>p.</span> <span class='ocrx_word' id='word_1_433' title='bbox 398 4904 461 4959; x_wconf 73' lang='grc'><strong>155.</strong></span> <span class='ocrx_word' id='word_1_434' title='bbox 501 4906 558 4973; x_wconf 79' lang='lat' dir='ltr'>Ipsi</span> <span class='ocrx_word' id='word_1_435' title='bbox 580 4905 786 4971; x_wconf 68' lang='lat' dir='ltr'>wrudngtonto</span> <span class='ocrx_word' id='word_1_436' title='bbox 810 4909 901 4968; x_wconf 86' lang='lat' dir='ltr'>postea</span> <span class='ocrx_word' id='word_1_437' title='bbox 923 4901 967 4963; x_wconf 86' lang='lat' dir='ltr'>(ad</span> <span class='ocrx_word' id='word_1_438' title='bbox 992 4917 1017 4952; x_wconf 93' lang='lat' dir='ltr'>n.</span> <span class='ocrx_word' id='word_1_439' title='bbox 1037 4901 1100 4963; x_wconf 80' lang='grc'><strong>588)</strong></span> <span class='ocrx_word' id='word_1_440' title='bbox 1126 4904 1153 4952; x_wconf 88' lang='grc' dir='ltr'>1ιι</span> <span class='ocrx_word' id='word_1_441' title='bbox 1180 4910 1291 4954; x_wconf 87' lang='lat' dir='ltr'>mentem</span> <span class='ocrx_word' id='word_1_442' title='bbox 1315 4903 1386 4953; x_wconf 81' lang='lat' dir='ltr'>venit</span> <span class='ocrx_word' id='word_1_443' title='bbox 1408 4918 1455 4968; x_wconf 89' lang='lat' dir='ltr'>pro</span> 
     </span>
     <span class='ocr_line' id='line_1_43' title="bbox 128 4982 1456 5067; baseline -0.003 -19"><span class='ocrx_word' id='word_1_444' title='bbox 128 4989 307 5067; x_wconf 60' lang='grc' dir='ltr'>Σψλλκὶψι</span> <span class='ocrx_word' id='word_1_445' title='bbox 329 4982 436 5065; x_wconf 63' lang='lat' dir='ltr'>dium</span> <span class='ocrx_word' id='word_1_446' title='bbox 457 4998 538 5051; x_wconf 70' lang='lat' dir='ltr'>edm</span> <span class='ocrx_word' id='word_1_447' title='bbox 556 4997 609 5065; x_wconf 69' lang='lat' dir='ltr'>legi</span> <span class='ocrx_word' id='word_1_448' title='bbox 633 5009 722 5064; x_wconf 82' lang='lat' dir='ltr'>possa,</span> <span class='ocrx_word' id='word_1_449' title='bbox 746 4993 817 5060; x_wconf 87' lang='lat' dir='ltr'>quod</span> <span class='ocrx_word' id='word_1_450' title='bbox 841 4993 959 5058; x_wconf 84' lang='lat' dir='ltr'>supplevi</span> <span class='ocrx_word' id='word_1_451' title='bbox 981 5007 1043 5058; x_wconf 78' lang='lat' dir='ltr'>ego,</span> <span class='ocrx_word' id='word_1_452' title='bbox 1067 4982 1220 5063; x_wconf 62' lang='lat' dir='ltr'>cestarqyc&#39;c</span> <span class='ocrx_word' id='word_1_453' title='bbox 1242 4982 1364 5065; x_wconf 55' lang='lat' dir='ltr'>dJaaross</span> <span class='ocrx_word' id='word_1_454' title='bbox 1392 4993 1456 5045; x_wconf 86' lang='lat' dir='ltr'>illud</span> 
     </span>
     <span class='ocr_line' id='line_1_44' title="bbox 131 5083 1111 5158; baseline -0.006 -18"><span class='ocrx_word' id='word_1_455' title='bbox 131 5094 219 5141; x_wconf 76' lang='lat' dir='ltr'>taam</span> <span class='ocrx_word' id='word_1_456' title='bbox 235 5086 442 5157; x_wconf 57' lang='lat' dir='ltr'>mum</span> <span class='ocrx_word' id='word_1_457' title='bbox 459 5088 567 5143; x_wconf 73' lang='lat' dir='ltr'>nimus</span> <span class='ocrx_word' id='word_1_458' title='bbox 582 5095 690 5158; x_wconf 81' lang='lat' dir='ltr'>propter</span> <span class='ocrx_word' id='word_1_459' title='bbox 705 5101 739 5140; x_wconf 82' lang='lat' dir='ltr'>cc</span> <span class='ocrx_word' id='word_1_460' title='bbox 757 5099 823 5153; x_wconf 82' lang='lat' dir='ltr'>quse</span> <span class='ocrx_word' id='word_1_461' title='bbox 841 5099 904 5136; x_wconf 83' lang='lat' dir='ltr'>mox</span> <span class='ocrx_word' id='word_1_462' title='bbox 923 5083 1111 5136; x_wconf 82' lang='lat' dir='ltr'>indicabantur.</span> 
     </span>
    </p>
   </div>
   <div class='ocr_carea' id='block_1_5' title="bbox 0 0 1748 5804">
    <p class='ocr_par' dir='ltr' id='par_1_5' title="bbox 0 0 1748 5804">
     <span class='ocr_line' id='line_1_45' title="bbox 0 0 1748 5804; baseline 0 0"><span class='ocrx_word' id='word_1_463' title='bbox 0 0 1748 5804; x_wconf 95' lang='lat' dir='ltr'> </span> 
     </span>
    </p>
   </div>
  </div>
 </body>
</html>
