3480 5804
495 432 793 488 aasaavsnrouas
812 430 928 483 muca
941 430 990 481 x1.
1003 431 1066 484 xn.
1368 416 1440 488 227

118 537 270 548 ,συ-.-

113 613 234 686 pasioni
254 608 356 666 arbitri
381 606 538 667 addendus
564 614 612 665 est
637 605 822 663 documentis
848 603 887 660 iis
909 619 987 677 quae
1008 602 1046 661 de
1067 602 1184 661 duobus
1206 603 1276 664 filiis
1296 615 1368 666 natu
1389 608 1444 666 miss

117 710 207 767 nimis
230 708 270 766 M.
294 707 399 767 Crassi
420 707 514 784 Frugi
535 706 667 764 consulis
690 724 717 762 a.
733 704 771 762 27
800 723 828 780 p.
847 703 915 762 147.
939 701 996 760 148
1019 704 1252 778 composuimus.
1295 707 1352 767 Est
1372 711 1443 767 item

118 828 153 868 eo
176 810 296 868 nomine
317 807 528 878 memorabilis,
549 805 631 882 quod
653 805 734 864 solus
757 804 837 881 quod
859 804 952 862 sciam
973 813 1110 880 superest
1132 803 1314 882 Vespasiani
1335 810 1445 883 privati

117 911 280 982 etiamtum,
302 909 374 968 item
396 908 478 967 solus
497 924 680 984 praenomen
701 906 765 964 eius
787 905 870 981 quod
890 904 981 963 fuerit
1002 922 1057 963 noe
1079 906 1175 964 docet.

201 1009 382 1070 Crassorum
404 1008 499 1086 Frugi
525 1008 629 1066 titulos
657 1008 732 1065 duos
757 1007 831 1064 mihi
851 1005 996 1064 indicavit
1016 1002 1181 1065 Schoenius
1204 1025 1224 1064 a
1244 1026 1290 1067 me
1312 1019 1444 1085 praeter·

116 1112 240 1183 missos,
262 1110 520 1169 Tarraconensem
541 1108 691 1180 11‚4364:
713 1106 842 1165 Faustus
860 1105 962 1165 Crassi
982 1105 1078 1182 Piapi
1098 1125 1152 1165 ser.
1175 1117 1206 1166 et
1226 1106 1444 1185 Pompeianum
1525 1096 1537 1115 ⁹

120 1212 145 1269 l.
161 1210 201 1269 N.
218 1209 299 1271 2216
317 1234 353 1260 =
371 1208 465 1268 Orell.
481 1208 578 1269 4326:
601 1209 724 1267 thermae
738 1208 781 1265 M.
801 1207 903 1266 Crassi
919 1207 1012 1282 mayr·
1032 1225 1110 1282 aqaa
1130 1212 1244 1266 marina
1257 1219 1283 1268 et
1297 1209 1444 1286 iala(eae)

118 1330 197 1387 aqua
219 1312 307 1370 dalei.
329 1312 486 1369 Ianuarias
510 1309 663 1386 l(ibertas).
706 1308 763 1367 Ille
788 1308 826 1367 ad
848 1326 1006 1384 quemnam
1028 1309 1176 1383 pertineat
1196 1328 1235 1368 ex
1256 1309 1371 1368 familia
1391 1330 1445 1371 no·

117 1413 247 1483 tissima,
273 1429 361 1469 nemo
389 1410 476 1468 facile
498 1411 616 1469 dixerit.
660 1408 734 1482 llic,
760 1427 849 1485 quem
874 1417 945 1466 nota
965 1417 1115 1485 repertum
1137 1426 1205 1468 esse
1227 1411 1258 1469 in
1279 1429 1369 1487 opere
1390 1431 1445 1489 po·

116 1512 208 1571 situm
230 1512 261 1569 in
284 1511 356 1570 villa
374 1492 404 1588 q.
428 1513 457 1574 d.
480 1509 634 1572 Ciceronis
655 1520 741 1569 extra
754 1510 916 1587 Pompeios
938 1509 1081 1586 oppidum
1103 1511 1226 1587 antiquo
1248 1519 1382 1588 tempore
1405 1514 1443 1572 ad

117 1613 215 1687 ipsum
242 1611 316 1672 litus
345 1613 450 1684 eitum,
477 1611 700 1688 componendus
727 1620 775 1669 est
801 1630 868 1669 cum
895 1611 962 1670 loco
990 1609 1082 1668 Plinii
1104 1611 1133 1669 h.
1155 1630 1183 1669 n.
1205 1613 1256 1683 31,
1276 1611 1311 1684 2,
1330 1613 1364 1687 5,
1393 1615 1444 1673 ubi

116 1712 221 1770 laudes
243 1729 388 1788 equarum
409 1714 441 1771 in
463 1714 531 1772 sinu
548 1712 664 1771 Baiano
686 1712 925 1772 scaturrientium
947 1711 990 1770 ita
1007 1710 1086 1769 finit:
1108 1722 1254 1788 vaporant
1273 1723 1299 1772 st
1320 1718 1350 1772 ia
1370 1720 1446 1774 mari

116 1816 179 1887 ipso
206 1830 280 1888 qaas
300 1812 397 1871 Licini
421 1813 522 1872 Crassi
540 1815 627 1887 saera
650 1813 810 1887 mediasque
830 1816 904 1870 inter
915 1813 1022 1887 fluctos
1044 1816 1136 1871 sciant
1158 1813 1272 1888 aliquid
1291 1814 1446 1874 valetudini

116 1913 253 1971 salutare.
297 1911 375 1972 Nam
401 1920 483 1990 patet
508 1913 640 1990 intellegi
665 1913 703 1970 ab
728 1920 850 1970 auctore
871 1912 953 1988 ipsas
975 1913 1044 1970 illae
1067 1913 1198 1971 thermas
1220 1931 1300 1990 aqua
1320 1915 1446 1988 marina,

116 2031 243 2088 quarum
265 2028 457 2090 programma
477 2023 621 2092 superest.
658 2013 699 2072 Μ.
722 2012 856 2072 Licinius
871 2011 1002 2072 Crassus
1021 2011 1115 2092 Frugi
1137 2014 1243 2073 harum
1264 2016 1446 2074 thermarum

116 2113 352 2192 balnearnmque
372 2116 510 2174 dominus
531 2132 712 2192 quemquam
738 2123 839 2191 potest
858 2113 954 2173 fuisse
976 2114 1082 2174 consul
1103 2134 1130 2173 a.
1146 2114 1196 2186 27,
1218 2117 1318 2191 potius
1341 2116 1446 2175 consul

118 2235 144 2273 a.
161 2215 201 2274 64
232 2215 347 2274 videtur
374 2235 394 2274 a
413 2214 515 2274 Plinio
537 2215 683 2291 intellegi,
711 2232 777 2272 cum
800 2216 891 2272 verba
911 2232 985 2289 quae
1006 2213 1107 2273 Licini
1129 2215 1229 2274 Crassi
1243 2219 1328 2291 jam
1348 2218 1444 2295 magis

118 2317 297 2374 conveniant
327 2316 391 2375 filio
421 2325 490 2374 ente
517 2315 619 2375 decem
651 2332 747 2373 annos
775 2332 863 2390 quam
892 2315 1014 2391 scripsit
1040 2314 1158 2373 Plinius
1187 2315 1327 2375 defuncto
1355 2304 1462 2392 quam¹

117 2416 196 2493 patri
217 2417 324 2494 viginti
345 2417 462 2476 circiter
484 2417 569 2474 annis
592 2422 661 2475 ante
682 2415 778 2474 lilium
799 2416 909 2473 occiso.

200 2518 361 2577 Postremo
383 2536 472 2595 quam
493 2517 693 2576 coniecturam
715 2517 860 2593 proposui
881 2535 911 2591 p.
930 2516 987 2574 147
1010 2535 1040 2573 n.
1057 2516 1074 2574 2
1098 2517 1133 2575 de
1149 2513 1280 2576 Senecae
1301 2517 1364 2576 ludi
1380 2518 1446 2577 loco

118 2626 258 2694 corrupto
280 2638 306 2678 c.
322 2620 369 2691 ll,
391 2619 515 2678 eandem
537 2628 642 2694 postea
662 2617 817 2677 admonuit
838 2636 885 2676 me
906 2617 1019 2676 amicus
1040 2626 1230 2693 praeceptam
1252 2635 1319 2676 esse
1336 2618 1446 2678 aBue·

118 2719 236 2778 chelero
264 2721 295 2778 in
322 2719 453 2779 editione
479 2720 543 2779 eius
569 2718 633 2778 ludi
656 2719 784 2790 minore,
811 2736 901 2795 quam
926 2719 1075 2793 inspicere
1096 2719 1302 2795 neglexeram:
1332 2719 1448 2778 scilicet

119 2839 174 2896 pro
200 2839 237 2880 eo
264 2821 345 2897 quod
371 2821 439 2879 libri
465 2821 611 2897 praebent
635 2823 792 2878 maasias
813 2822 991 2878 assariorum
1011 2819 1118 2878 achilas
1141 2829 1233 2878 tamen
1254 2835 1310 2896 ego
1332 2820 1447 2878 conieci

119 2922 308 2981 scribendum
327 2939 395 2981 esse
419 2925 471 2982 tris
492 2923 523 2980 di
544 2923 608 2981 boni
628 2925 768 2992 assarios,
790 2925 855 2978 itera
874 2920 983 2978 nabiles
1005 2929 1106 2991 tamea,
1129 2920 1331 2980 Buechelerus
1346 2927 1446 2978 autem

119 3024 276 3100 temptavit
298 3027 351 3082 tris
372 3023 496 3083 homiues
518 3027 659 3096 uesanos,
680 3023 787 3082 nobiles
808 3034 908 3082 tamar.
953 3018 1052 3095 Quam
1077 3021 1166 3081 alieni
1186 3022 1300 3080 inventi
1320 3021 1447 3097 ereptio·

119 3143 185 3182 nem
213 3131 245 3182 ut
265 3125 378 3183 invitus
400 3125 550 3198 commisi,
577 3129 621 3184 ita
642 3126 709 3202 ipss
729 3134 832 3184 noster
853 3123 996 3183 fortuitus
1018 3104 1181 3183 consensus
1201 3123 1232 3182 in
1253 3141 1321 3182 mea
1341 3141 1388 3181 me
1410 3122 1446 3180 de

120 3225 177 3283 hoc
198 3227 265 3283 loco
287 3226 428 3301 opinione
449 3226 645 3286 confirmavit.
