<?xml version="1.0" encoding="UTF-8"?>
<!DOCTYPE html PUBLIC "-//W3C//DTD XHTML 1.0 Transitional//EN"
    "http://www.w3.org/TR/xhtml1/DTD/xhtml1-transitional.dtd">
<html xmlns="http://www.w3.org/1999/xhtml" xml:lang="en" lang="en">
 <head>
  <title>
</title>
<meta http-equiv="Content-Type" content="text/html;charset=utf-8" />
  <meta name='ocr-system' content='tesseract 3.04.00' />
  <meta name='ocr-capabilities' content='ocr_page ocr_carea ocr_par ocr_line ocrx_word'/>
</head>
<body>
  <div class='ocr_page' id='page_1' title='image "./ephemerisepigra07instgoog/ephemerisepigra07instgoog_0014.png"; bbox 0 0 3480 5804; ppageno 0'>
   <div class='ocr_carea' id='block_1_1' title="bbox 540 1218 1253 1527">
    <p class='ocr_par' dir='ltr' id='par_1_1' title="bbox 540 1218 1253 1527">
     <span class='ocr_line' id='line_1_1' title="bbox 667 1218 1126 1334; baseline 0 -2"><span class='ocrx_word' id='word_1_1' title='bbox 667 1218 1126 1334; x_wconf 78' lang='lat' dir='ltr'><strong>ADDITAMENTA</strong></span> 
     </span>
     <span class='ocr_line' id='line_1_2' title="bbox 540 1439 1253 1527; baseline 0.006 -7"><span class='ocrx_word' id='word_1_2' title='bbox 540 1439 617 1522; x_wconf 76' lang='lat' dir='ltr'>An</span> <span class='ocrx_word' id='word_1_3' title='bbox 651 1439 909 1525; x_wconf 81' lang='lat' dir='ltr'>CORPORIS</span> <span class='ocrx_word' id='word_1_4' title='bbox 939 1439 1196 1527; x_wconf 79' lang='lat' dir='ltr'>vonvimn</span> <span class='ocrx_word' id='word_1_5' title='bbox 1224 1441 1253 1524; x_wconf 88' lang='lat'>1.</span> 
     </span>
    </p>
   </div>
   <div class='ocr_carea' id='block_1_2' title="bbox 232 1908 1560 2159">
    <p class='ocr_par' dir='ltr' id='par_1_2' title="bbox 232 1908 1560 2159">
     <span class='ocr_line' id='line_1_3' title="bbox 232 1908 1560 2008; baseline 0.003 -4"><span class='ocrx_word' id='word_1_6' title='bbox 232 1910 324 2004; x_wconf 88' lang='lat' dir='ltr'>AD</span> <span class='ocrx_word' id='word_1_7' title='bbox 353 1908 838 2007; x_wconf 82' lang='lat' dir='ltr'>INSCRIPTIONES</span> <span class='ocrx_word' id='word_1_8' title='bbox 872 1911 1085 2008; x_wconf 73' lang='lat' dir='ltr'><strong>BELLO·</strong></span> <span class='ocrx_word' id='word_1_9' title='bbox 1111 1911 1560 2008; x_wconf 83' lang='lat' dir='ltr'><strong>HANNIBALICO</strong></span> 
     </span>
     <span class='ocr_line' id='line_1_4' title="bbox 685 2061 1135 2159; baseline 0.004 -3"><span class='ocrx_word' id='word_1_10' title='bbox 685 2061 1108 2159; x_wconf 83' lang='lat' dir='ltr'><strong>ANTERIORES.</strong></span> <span class='ocrx_word' id='word_1_11' title='bbox 1133 2101 1135 2105; x_wconf 92' lang='lat'>·</span> 
     </span>
    </p>
   </div>
   <div class='ocr_carea' id='block_1_3' title="bbox 794 2276 999 2288">
    <p class='ocr_par' dir='ltr' id='par_1_3' title="bbox 794 2276 999 2288">
     <span class='ocr_line' id='line_1_5' title="bbox 794 2276 999 2288; baseline 0 -1"><span class='ocrx_word' id='word_1_12' title='bbox 794 2276 999 2288; x_wconf 52' lang='lat' dir='ltr'>*n-</span> 
     </span>
    </p>
   </div>
   <div class='ocr_carea' id='block_1_4' title="bbox 232 2402 1561 2585">
    <p class='ocr_par' dir='ltr' id='par_1_4' title="bbox 232 2402 1561 2585">
     <span class='ocr_line' id='line_1_6' title="bbox 232 2402 1561 2485; baseline 0.004 -24"><span class='ocrx_word' id='word_1_13' title='bbox 232 2402 324 2479; x_wconf 84' lang='lat' dir='ltr'>1(ad</span> <span class='ocrx_word' id='word_1_14' title='bbox 344 2403 371 2477; x_wconf 92' lang='lat'>1,</span> <span class='ocrx_word' id='word_1_15' title='bbox 388 2403 441 2477; x_wconf 77' lang='lat'>363</span> <span class='ocrx_word' id='word_1_16' title='bbox 465 2405 503 2463; x_wconf 86' lang='lat' dir='ltr'>ef.</span> <span class='ocrx_word' id='word_1_17' title='bbox 525 2404 542 2462; x_wconf 89' lang='grc' dir='ltr'>Ι</span> <span class='ocrx_word' id='word_1_18' title='bbox 562 2424 591 2483; x_wconf 90' lang='lat' dir='ltr'>p.</span> <span class='ocrx_word' id='word_1_19' title='bbox 608 2406 694 2482; x_wconf 81' lang='lat'><strong>553).</strong></span> <span class='ocrx_word' id='word_1_20' title='bbox 736 2406 813 2466; x_wconf 87' lang='lat' dir='ltr'>Post</span> <span class='ocrx_word' id='word_1_21' title='bbox 837 2423 972 2467; x_wconf 71' lang='lat' dir='ltr'>nmmosv</span> <span class='ocrx_word' id='word_1_22' title='bbox 996 2407 1115 2465; x_wconf 78' lang='lat' dir='ltr'><strong>litterae</strong></span> <span class='ocrx_word' id='word_1_23' title='bbox 1141 2426 1166 2466; x_wconf 80' lang='lat' dir='ltr'>m</span> <span class='ocrx_word' id='word_1_24' title='bbox 1192 2409 1320 2485; x_wconf 81' lang='lat' dir='ltr'>vestigia</span> <span class='ocrx_word' id='word_1_25' title='bbox 1345 2408 1472 2468; x_wconf 87' lang='lat' dir='ltr'>inveniri</span> <span class='ocrx_word' id='word_1_26' title='bbox 1499 2408 1561 2466; x_wconf 80' lang='lat' dir='ltr'>ulla</span> 
     </span>
     <span class='ocr_line' id='line_1_7' title="bbox 274 2504 1491 2585; baseline 0.002 -23"><span class='ocrx_word' id='word_1_27' title='bbox 274 2512 365 2583; x_wconf 88' lang='lat' dir='ltr'>negat</span> <span class='ocrx_word' id='word_1_28' title='bbox 384 2504 568 2564; x_wconf 86' lang='lat' dir='ltr'>Ritschelius</span> <span class='ocrx_word' id='word_1_29' title='bbox 587 2506 619 2564; x_wconf 91' lang='lat' dir='ltr'>in</span> <span class='ocrx_word' id='word_1_30' title='bbox 642 2506 849 2584; x_wconf 84' lang='lat' dir='ltr'>supplemento</span> <span class='ocrx_word' id='word_1_31' title='bbox 867 2507 916 2565; x_wconf 92' lang='lat'>111</span> <span class='ocrx_word' id='word_1_32' title='bbox 925 2507 954 2582; x_wconf 88' lang='lat'>¹)</span> <span class='ocrx_word' id='word_1_33' title='bbox 976 2527 1005 2584; x_wconf 91' lang='lat' dir='ltr'>p.</span> <span class='ocrx_word' id='word_1_34' title='bbox 1021 2508 1084 2566; x_wconf 85' lang='lat' dir='ltr'>XX</span> <span class='ocrx_word' id='word_1_35' title='bbox 1104 2508 1205 2585; x_wconf 85' lang='lat' dir='ltr'>lapide</span> <span class='ocrx_word' id='word_1_36' title='bbox 1227 2509 1324 2567; x_wconf 87' lang='lat' dir='ltr'>denuo</span> <span class='ocrx_word' id='word_1_37' title='bbox 1345 2508 1491 2585; x_wconf 84' lang='lat' dir='ltr'>inspecto.</span> 
     </span>
    </p>
   </div>
   <div class='ocr_carea' id='block_1_5' title="bbox 232 2710 1560 2874">
    <p class='ocr_par' dir='ltr' id='par_1_5' title="bbox 232 2710 1560 2874">
     <span class='ocr_line' id='line_1_8' title="bbox 232 2710 1560 2791; baseline 0.001 -21"><span class='ocrx_word' id='word_1_38' title='bbox 232 2710 254 2770; x_wconf 80' lang='lat'>2</span> <span class='ocrx_word' id='word_1_39' title='bbox 281 2710 334 2788; x_wconf 80' lang='lat' dir='ltr'>(ad</span> <span class='ocrx_word' id='word_1_40' title='bbox 355 2711 382 2784; x_wconf 86' lang='grc' dir='ltr'>Ι,</span> <span class='ocrx_word' id='word_1_41' title='bbox 396 2710 452 2784; x_wconf 83' lang='grc'>38;</span> <span class='ocrx_word' id='word_1_42' title='bbox 474 2711 512 2771; x_wconf 83' lang='lat' dir='ltr'>ci.</span> <span class='ocrx_word' id='word_1_43' title='bbox 533 2711 551 2771; x_wconf 93' lang='lat'>1</span> <span class='ocrx_word' id='word_1_44' title='bbox 571 2732 601 2790; x_wconf 89' lang='lat' dir='ltr'>p.</span> <span class='ocrx_word' id='word_1_45' title='bbox 615 2712 703 2788; x_wconf 80' lang='lat'><strong>553).</strong></span> <span class='ocrx_word' id='word_1_46' title='bbox 745 2712 829 2771; x_wconf 87' lang='lat' dir='ltr'>Idem</span> <span class='ocrx_word' id='word_1_47' title='bbox 850 2713 894 2771; x_wconf 86' lang='lat' dir='ltr'>sit</span> <span class='ocrx_word' id='word_1_48' title='bbox 914 2712 934 2770; x_wconf 93' lang='lat' dir='ltr'>l.</span> <span class='ocrx_word' id='word_1_49' title='bbox 957 2731 982 2771; x_wconf 81' lang='lat' dir='ltr'>e.</span> <span class='ocrx_word' id='word_1_50' title='bbox 1004 2731 1035 2789; x_wconf 92' lang='lat' dir='ltr'>p.</span> <span class='ocrx_word' id='word_1_51' title='bbox 1050 2713 1131 2772; x_wconf 87' lang='lat' dir='ltr'>XXI</span> <span class='ocrx_word' id='word_1_52' title='bbox 1152 2713 1183 2771; x_wconf 92' lang='lat' dir='ltr'>in</span> <span class='ocrx_word' id='word_1_53' title='bbox 1205 2713 1305 2791; x_wconf 86' lang='lat' dir='ltr'>lapide</span> <span class='ocrx_word' id='word_1_54' title='bbox 1327 2730 1395 2773; x_wconf 84' lang='lat' dir='ltr'>esse</span> <span class='ocrx_word' id='word_1_55' title='bbox 1416 2728 1560 2772; x_wconf 76' lang='lat' dir='ltr'>sccvsiv·</span> 
     </span>
     <span class='ocr_line' id='line_1_9' title="bbox 272 2831 351 2874; baseline -0.025 0"><span class='ocrx_word' id='word_1_56' title='bbox 272 2831 351 2874; x_wconf 72' lang='lat' dir='ltr'>mvi.</span> 
     </span>
    </p>
   </div>
   <div class='ocr_carea' id='block_1_6' title="bbox 230 3020 1561 3588">
    <p class='ocr_par' dir='ltr' id='par_1_6' title="bbox 230 3020 1561 3588">
     <span class='ocr_line' id='line_1_10' title="bbox 230 3020 1561 3100; baseline -0.003 -17"><span class='ocrx_word' id='word_1_57' title='bbox 230 3022 253 3084; x_wconf 81' lang='grc'>3</span> <span class='ocrx_word' id='word_1_58' title='bbox 280 3024 388 3083; x_wconf 86' lang='lat' dir='ltr'>litteris</span> <span class='ocrx_word' id='word_1_59' title='bbox 410 3022 537 3082; x_wconf 83' lang='lat' dir='ltr'>vetustis</span> <span class='ocrx_word' id='word_1_60' title='bbox 563 3022 596 3080; x_wconf 94' lang='lat' dir='ltr'>in</span> <span class='ocrx_word' id='word_1_61' title='bbox 622 3021 791 3100; x_wconf 81' lang='lat' dir='ltr'>fragmento</span> <span class='ocrx_word' id='word_1_62' title='bbox 818 3020 984 3080; x_wconf 81' lang='lat' dir='ltr'><strong>columnae.</strong></span> <span class='ocrx_word' id='word_1_63' title='bbox 1026 3020 1076 3081; x_wconf 90' lang='lat' dir='ltr'>De</span> <span class='ocrx_word' id='word_1_64' title='bbox 1101 3022 1262 3080; x_wconf 80' lang='lat' dir='ltr'>marmoris</span> <span class='ocrx_word' id='word_1_65' title='bbox 1287 3029 1395 3081; x_wconf 87' lang='lat' dir='ltr'>natura</span> <span class='ocrx_word' id='word_1_66' title='bbox 1419 3021 1561 3081; x_wconf 84' lang='lat' dir='ltr'>differunt</span> 
     </span>
     <span class='ocr_line' id='line_1_11' title="bbox 270 3120 1560 3202; baseline -0.001 -18"><span class='ocrx_word' id='word_1_67' title='bbox 270 3125 360 3202; x_wconf 87' lang='lat' dir='ltr'>periti</span> <span class='ocrx_word' id='word_1_68' title='bbox 367 3145 376 3196; x_wconf 92' lang='lat'>;</span> <span class='ocrx_word' id='word_1_69' title='bbox 397 3123 530 3183; x_wconf 75' lang='lat' dir='ltr'><strong>Altinius</strong></span> <span class='ocrx_word' id='word_1_70' title='bbox 551 3123 655 3183; x_wconf 87' lang='lat' dir='ltr'>habuit</span> <span class='ocrx_word' id='word_1_71' title='bbox 674 3141 730 3198; x_wconf 88' lang='lat' dir='ltr'>pro</span> <span class='ocrx_word' id='word_1_72' title='bbox 751 3140 787 3180; x_wconf 86' lang='lat' dir='ltr'>eo</span> <span class='ocrx_word' id='word_1_73' title='bbox 809 3139 838 3198; x_wconf 88' lang='lat' dir='ltr'>q.</span> <span class='ocrx_word' id='word_1_74' title='bbox 860 3121 889 3182; x_wconf 88' lang='lat' dir='ltr'>d.</span> <span class='ocrx_word' id='word_1_75' title='bbox 907 3121 1084 3199; x_wconf 64' lang='lat' dir='ltr'>polemitas,</span> <span class='ocrx_word' id='word_1_76' title='bbox 1105 3121 1301 3182; x_wconf 85' lang='lat' dir='ltr'>Martinorius</span> <span class='ocrx_word' id='word_1_77' title='bbox 1323 3123 1403 3198; x_wconf 86' lang='lat' dir='ltr'>apud</span> <span class='ocrx_word' id='word_1_78' title='bbox 1425 3120 1560 3183; x_wconf 85' lang='lat' dir='ltr'>Garruc·</span> 
     </span>
     <span class='ocr_line' id='line_1_12' title="bbox 270 3221 1558 3303; baseline -0.005 -17"><span class='ocrx_word' id='word_1_79' title='bbox 270 3227 349 3287; x_wconf 83' lang='lat' dir='ltr'>cium</span> <span class='ocrx_word' id='word_1_80' title='bbox 370 3243 426 3303; x_wconf 92' lang='lat' dir='ltr'>pro</span> <span class='ocrx_word' id='word_1_81' title='bbox 448 3244 483 3284; x_wconf 86' lang='lat' dir='ltr'>eo</span> <span class='ocrx_word' id='word_1_82' title='bbox 505 3243 535 3301; x_wconf 87' lang='lat' dir='ltr'>q.</span> <span class='ocrx_word' id='word_1_83' title='bbox 558 3224 586 3282; x_wconf 88' lang='lat' dir='ltr'>d.</span> <span class='ocrx_word' id='word_1_84' title='bbox 610 3227 791 3299; x_wconf 71' lang='lat' dir='ltr'>camapinnq</span> <span class='ocrx_word' id='word_1_85' title='bbox 813 3222 910 3280; x_wconf 87' lang='lat' dir='ltr'>Ponzi</span> <span class='ocrx_word' id='word_1_86' title='bbox 930 3222 1077 3299; x_wconf 86' lang='lat' dir='ltr'>geologus</span> <span class='ocrx_word' id='word_1_87' title='bbox 1098 3224 1179 3300; x_wconf 83' lang='lat' dir='ltr'>apud</span> <span class='ocrx_word' id='word_1_88' title='bbox 1200 3223 1326 3281; x_wconf 88' lang='lat' dir='ltr'>eundem</span> <span class='ocrx_word' id='word_1_89' title='bbox 1347 3221 1410 3300; x_wconf 84' lang='lat' dir='ltr'>pre</span> <span class='ocrx_word' id='word_1_90' title='bbox 1425 3242 1462 3281; x_wconf 89' lang='lat' dir='ltr'>eo</span> <span class='ocrx_word' id='word_1_91' title='bbox 1484 3242 1513 3300; x_wconf 90' lang='lat' dir='ltr'>q.</span> <span class='ocrx_word' id='word_1_92' title='bbox 1530 3223 1558 3282; x_wconf 87' lang='lat' dir='ltr'>d.</span> 
     </span>
     <span class='ocr_line' id='line_1_13' title="bbox 269 3321 1560 3401; baseline -0.004 -14"><span class='ocrx_word' id='word_1_93' title='bbox 269 3328 405 3387; x_wconf 80' lang='lat' dir='ltr'>maiolisa</span> <span class='ocrx_word' id='word_1_94' title='bbox 426 3326 538 3386; x_wconf 86' lang='lat' dir='ltr'>effosso</span> <span class='ocrx_word' id='word_1_95' title='bbox 560 3345 600 3384; x_wconf 87' lang='lat' dir='ltr'>ex</span> <span class='ocrx_word' id='word_1_96' title='bbox 620 3324 772 3383; x_wconf 88' lang='lat' dir='ltr'>montibus</span> <span class='ocrx_word' id='word_1_97' title='bbox 787 3321 1005 3382; x_wconf 80' lang='lat' dir='ltr'>Corniculanis.</span> <span class='ocrx_word' id='word_1_98' title='bbox 1040 3323 1116 3399; x_wconf 91' lang='lat' dir='ltr'>Rep.</span> <span class='ocrx_word' id='word_1_99' title='bbox 1139 3324 1178 3382; x_wconf 85' lang='lat' dir='ltr'>ad</span> <span class='ocrx_word' id='word_1_100' title='bbox 1199 3324 1409 3383; x_wconf 80' lang='lat' dir='ltr'>duodecimum</span> <span class='ocrx_word' id='word_1_101' title='bbox 1426 3322 1560 3401; x_wconf 81' lang='lat' dir='ltr'>lapidem</span> 
     </span>
     <span class='ocr_line' id='line_1_14' title="bbox 270 3423 1557 3502; baseline -0.003 -17"><span class='ocrx_word' id='word_1_102' title='bbox 270 3428 338 3486; x_wconf 83' lang='lat' dir='ltr'>vise</span> <span class='ocrx_word' id='word_1_103' title='bbox 360 3427 510 3487; x_wconf 73' lang='lat' dir='ltr'>Ostiensis</span> <span class='ocrx_word' id='word_1_104' title='bbox 531 3425 607 3485; x_wconf 76' lang='lat' dir='ltr'>nella</span> <span class='ocrx_word' id='word_1_105' title='bbox 629 3435 724 3485; x_wconf 75' lang='lat' dir='ltr'>tenuta</span> <span class='ocrx_word' id='word_1_106' title='bbox 745 3425 777 3481; x_wconf 85' lang='lat' dir='ltr'>di</span> <span class='ocrx_word' id='word_1_107' title='bbox 798 3423 954 3498; x_wconf 80' lang='lat' dir='ltr'>Malafeds.</span> <span class='ocrx_word' id='word_1_108' title='bbox 990 3423 1109 3481; x_wconf 84' lang='lat' dir='ltr'>Deinde</span> <span class='ocrx_word' id='word_1_109' title='bbox 1131 3424 1210 3502; x_wconf 85' lang='lat' dir='ltr'>apud</span> <span class='ocrx_word' id='word_1_110' title='bbox 1232 3425 1414 3500; x_wconf 82' lang='lat' dir='ltr'>sculptorem</span> <span class='ocrx_word' id='word_1_111' title='bbox 1429 3424 1557 3484; x_wconf 83' lang='lat' dir='ltr'>Fabium</span> 
     </span>
     <span class='ocr_line' id='line_1_15' title="bbox 271 3523 1111 3588; baseline -0.007 0"><span class='ocrx_word' id='word_1_112' title='bbox 271 3527 428 3588; x_wconf 78' lang='lat' dir='ltr'>Altinium.</span> <span class='ocrx_word' id='word_1_113' title='bbox 470 3527 537 3585; x_wconf 88' lang='lat' dir='ltr'>Iam</span> <span class='ocrx_word' id='word_1_114' title='bbox 557 3527 589 3586; x_wconf 89' lang='lat' dir='ltr'>in</span> <span class='ocrx_word' id='word_1_115' title='bbox 610 3526 753 3586; x_wconf 81' lang='lat' dir='ltr'>esvsedio</span> <span class='ocrx_word' id='word_1_116' title='bbox 774 3524 868 3583; x_wconf 88' lang='lat' dir='ltr'>musei</span> <span class='ocrx_word' id='word_1_117' title='bbox 889 3523 1111 3582; x_wconf 83' lang='lat' dir='ltr'>Lateranensis.</span> 
     </span>
    </p>
   </div>
   <div class='ocr_carea' id='block_1_7' title="bbox 749 3677 1051 4036">
    <p class='ocr_par' dir='ltr' id='par_1_7' title="bbox 751 3677 838 3722">
     <span class='ocr_line' id='line_1_16' title="bbox 751 3677 838 3722; baseline -0.069 -3"><span class='ocrx_word' id='word_1_118' title='bbox 751 3678 784 3722; x_wconf 75' lang='lat' dir='ltr'>Vt</span> <span class='ocrx_word' id='word_1_119' title='bbox 795 3677 808 3717; x_wconf 75' lang='lat' dir='ltr'>i</span> <span class='ocrx_word' id='word_1_120' title='bbox 819 3683 838 3714; x_wconf 86' lang='lat' dir='ltr'>n</span> 
     </span>
    </p>

    <p class='ocr_par' dir='ltr' id='par_1_8' title="bbox 751 3765 919 3924">
     <span class='ocr_line' id='line_1_17' title="bbox 751 3765 873 3822; baseline -0.008 0"><span class='ocrx_word' id='word_1_121' title='bbox 751 3765 873 3822; x_wconf 54' lang='lat' dir='ltr'>ocum</span> 
     </span>
     <span class='ocr_line' id='line_1_18' title="bbox 751 3872 919 3924; baseline 0.012 -2"><span class='ocrx_word' id='word_1_122' title='bbox 751 3872 919 3924; x_wconf 72' lang='lat' dir='ltr'>atnttsnu</span> 
     </span>
    </p>

    <p class='ocr_par' dir='ltr' id='par_1_9' title="bbox 749 3978 1051 4036">
     <span class='ocr_line' id='line_1_19' title="bbox 749 3978 1051 4036; baseline -0.003 -12"><span class='ocrx_word' id='word_1_123' title='bbox 749 3978 852 4025; x_wconf 72' lang='lat' dir='ltr'>meis·</span> <span class='ocrx_word' id='word_1_124' title='bbox 869 3978 1051 4036; x_wconf 65' lang='lat' dir='ltr'>snossvto,</span> 
     </span>
    </p>
   </div>
   <div class='ocr_carea' id='block_1_8' title="bbox 223 4096 1555 4688">
    <p class='ocr_par' dir='ltr' id='par_1_10' title="bbox 223 4096 1555 4483">
     <span class='ocr_line' id='line_1_20' title="bbox 226 4096 1554 4178; baseline -0.007 -11"><span class='ocrx_word' id='word_1_125' title='bbox 226 4106 389 4167; x_wconf 79' lang='lat' dir='ltr'>Hennenns</span> <span class='ocrx_word' id='word_1_126' title='bbox 410 4102 493 4163; x_wconf 78' lang='lat' dir='ltr'>Ball.</span> <span class='ocrx_word' id='word_1_127' title='bbox 518 4101 596 4162; x_wconf 86' lang='grc'><strong>1869</strong></span> <span class='ocrx_word' id='word_1_128' title='bbox 622 4120 652 4178; x_wconf 89' lang='lat' dir='ltr'>p.</span> <span class='ocrx_word' id='word_1_129' title='bbox 669 4098 728 4158; x_wconf 79' lang='grc'>267</span> <span class='ocrx_word' id='word_1_130' title='bbox 756 4099 807 4178; x_wconf 90' lang='lat' dir='ltr'>qui</span> <span class='ocrx_word' id='word_1_131' title='bbox 832 4099 909 4160; x_wconf 84' lang='lat' dir='ltr'>vidit</span> <span class='ocrx_word' id='word_1_132' title='bbox 933 4107 963 4159; x_wconf 85' lang='lat' dir='ltr'>et</span> <span class='ocrx_word' id='word_1_133' title='bbox 989 4099 1028 4158; x_wconf 85' lang='lat' dir='ltr'>sb</span> <span class='ocrx_word' id='word_1_134' title='bbox 1054 4096 1160 4158; x_wconf 86' lang='lat' dir='ltr'>eodem</span> <span class='ocrx_word' id='word_1_135' title='bbox 1181 4097 1366 4158; x_wconf 86' lang='lat' dir='ltr'>Ritsehelius</span> <span class='ocrx_word' id='word_1_136' title='bbox 1391 4099 1423 4160; x_wconf 91' lang='lat' dir='ltr'>in</span> <span class='ocrx_word' id='word_1_137' title='bbox 1449 4115 1554 4176; x_wconf 81' lang='lat' dir='ltr'><strong>opusc.</strong></span> 
     </span>
     <span class='ocr_line' id='line_1_21' title="bbox 226 4197 1555 4285; baseline -0.007 -18"><span class='ocrx_word' id='word_1_138' title='bbox 226 4208 369 4285; x_wconf 85' lang='lat' dir='ltr'><strong>philolog.</strong></span> <span class='ocrx_word' id='word_1_139' title='bbox 394 4204 422 4275; x_wconf 80' lang='lat'>2,</span> <span class='ocrx_word' id='word_1_140' title='bbox 439 4203 508 4263; x_wconf 86' lang='grc'><strong>776.</strong></span> <span class='ocrx_word' id='word_1_141' title='bbox 544 4203 628 4262; x_wconf 85' lang='lat' dir='ltr'>Misit</span> <span class='ocrx_word' id='word_1_142' title='bbox 648 4202 834 4260; x_wconf 88' lang='lat' dir='ltr'>Mommseno</span> <span class='ocrx_word' id='word_1_143' title='bbox 856 4200 1065 4260; x_wconf 85' lang='lat' dir='ltr'>Benndorfius.</span> <span class='ocrx_word' id='word_1_144' title='bbox 1103 4197 1285 4259; x_wconf 83' lang='lat' dir='ltr'>Garruecins</span> <span class='ocrx_word' id='word_1_145' title='bbox 1307 4198 1351 4257; x_wconf 60' lang='grc' dir='ltr'>ἅθ’</span> <span class='ocrx_word' id='word_1_146' title='bbox 1373 4203 1476 4259; x_wconf 78' lang='lat' dir='ltr'>canoni</span> <span class='ocrx_word' id='word_1_147' title='bbox 1496 4203 1555 4275; x_wconf 73' lang='lat' dir='ltr'>api·</span> 
     </span>
     <span class='ocr_line' id='line_1_22' title="bbox 223 4299 1552 4386; baseline -0.008 -19"><span class='ocrx_word' id='word_1_148' title='bbox 223 4311 324 4386; x_wconf 74' lang='lat' dir='ltr'>qraflei</span> <span class='ocrx_word' id='word_1_149' title='bbox 344 4309 376 4366; x_wconf 83' lang='lat' dir='ltr'>di</span> <span class='ocrx_word' id='word_1_150' title='bbox 395 4306 481 4366; x_wconf 83' lang='lat' dir='ltr'>Frid.</span> <span class='ocrx_word' id='word_1_151' title='bbox 503 4303 615 4363; x_wconf 68' lang='lat' dir='ltr'>senem</span> <span class='ocrx_word' id='word_1_152' title='bbox 635 4323 675 4362; x_wconf 83' lang='lat' dir='ltr'>ex</span> <span class='ocrx_word' id='word_1_153' title='bbox 696 4302 884 4379; x_wconf 81' lang='lat' dir='ltr'>ephemeride</span> <span class='ocrx_word' id='word_1_154' title='bbox 901 4301 1006 4360; x_wconf 66' lang='lat' dir='ltr'>Civilia</span> <span class='ocrx_word' id='word_1_155' title='bbox 1027 4301 1162 4360; x_wconf 80' lang='lat' dir='ltr'>eattoliea</span> <span class='ocrx_word' id='word_1_156' title='bbox 1183 4319 1241 4360; x_wconf 86' lang='lat' dir='ltr'>ser.</span> <span class='ocrx_word' id='word_1_157' title='bbox 1258 4301 1275 4358; x_wconf 85' lang='grc'><strong>7</strong></span> <span class='ocrx_word' id='word_1_158' title='bbox 1296 4300 1390 4359; x_wconf 84' lang='lat' dir='ltr'><strong>vol.9</strong></span> <span class='ocrx_word' id='word_1_159' title='bbox 1413 4318 1443 4376; x_wconf 88' lang='lat' dir='ltr'>p.</span> <span class='ocrx_word' id='word_1_160' title='bbox 1459 4299 1552 4375; x_wconf 77' lang='lat' dir='ltr'><strong>40sq.</strong></span> 
     </span>
     <span class='ocr_line' id='line_1_23' title="bbox 226 4404 726 4483; baseline -0.014 -15"><span class='ocrx_word' id='word_1_161' title='bbox 226 4410 329 4467; x_wconf 85' lang='lat' dir='ltr'>addita</span> <span class='ocrx_word' id='word_1_162' title='bbox 348 4407 479 4483; x_wconf 79' lang='lat' dir='ltr'>imagine</span> <span class='ocrx_word' id='word_1_163' title='bbox 500 4404 726 4481; x_wconf 83' lang='lat' dir='ltr'>lithographiea.</span> 
     </span>
    </p>

    <p class='ocr_par' dir='ltr' id='par_1_11' title="bbox 226 4499 1553 4688">
     <span class='ocr_line' id='line_1_24' title="bbox 267 4499 1553 4582; baseline -0.007 -14"><span class='ocrx_word' id='word_1_164' title='bbox 267 4509 348 4568; x_wconf 87' lang='lat' dir='ltr'>Tota</span> <span class='ocrx_word' id='word_1_165' title='bbox 367 4506 520 4582; x_wconf 81' lang='lat' dir='ltr'>inscriptio</span> <span class='ocrx_word' id='word_1_166' title='bbox 541 4524 610 4564; x_wconf 86' lang='lat' dir='ltr'>enm</span> <span class='ocrx_word' id='word_1_167' title='bbox 631 4505 759 4563; x_wconf 85' lang='lat' dir='ltr'>obseura</span> <span class='ocrx_word' id='word_1_168' title='bbox 780 4505 829 4575; x_wconf 87' lang='lat' dir='ltr'>sit,</span> <span class='ocrx_word' id='word_1_169' title='bbox 852 4503 889 4562; x_wconf 88' lang='lat' dir='ltr'>de</span> <span class='ocrx_word' id='word_1_170' title='bbox 910 4521 946 4562; x_wconf 84' lang='lat' dir='ltr'>eo</span> <span class='ocrx_word' id='word_1_171' title='bbox 967 4503 1048 4579; x_wconf 88' lang='lat' dir='ltr'><strong>quod</strong></span> <span class='ocrx_word' id='word_1_172' title='bbox 1068 4503 1166 4561; x_wconf 88' lang='lat' dir='ltr'>solnm</span> <span class='ocrx_word' id='word_1_173' title='bbox 1180 4502 1243 4559; x_wconf 83' lang='lat' dir='ltr'>fere</span> <span class='ocrx_word' id='word_1_174' title='bbox 1257 4499 1442 4577; x_wconf 72' lang='lat' dir='ltr'>intellegimr</span> <span class='ocrx_word' id='word_1_175' title='bbox 1451 4499 1553 4576; x_wconf 70' lang='lat' dir='ltr'>plesi-</span> 
     </span>
     <span class='ocr_line' id='line_1_25' title="bbox 226 4600 1553 4688; baseline -0.006 -19"><span class='ocrx_word' id='word_1_176' title='bbox 226 4628 281 4688; x_wconf 88' lang='lat' dir='ltr'>pro</span> <span class='ocrx_word' id='word_1_177' title='bbox 297 4608 393 4686; x_wconf 54' lang='grc' dir='ltr'>μεῖν,</span> <span class='ocrx_word' id='word_1_178' title='bbox 415 4607 477 4684; x_wconf 81' lang='lat' dir='ltr'>egit</span> <span class='ocrx_word' id='word_1_179' title='bbox 496 4606 517 4664; x_wconf 96' lang='lat' dir='ltr'>l.</span> <span class='ocrx_word' id='word_1_180' title='bbox 536 4624 562 4665; x_wconf 85' lang='lat' dir='ltr'>e.</span> <span class='ocrx_word' id='word_1_181' title='bbox 583 4605 776 4664; x_wconf 80' lang='lat' dir='ltr'>Bitschelius.</span> <span class='ocrx_word' id='word_1_182' title='bbox 811 4604 989 4663; x_wconf 84' lang='lat' dir='ltr'>Extremum</span> <span class='ocrx_word' id='word_1_183' title='bbox 1009 4602 1189 4662; x_wconf 83' lang='lat' dir='ltr'>vocabulum</span> <span class='ocrx_word' id='word_1_184' title='bbox 1209 4600 1368 4678; x_wconf 83' lang='lat' dir='ltr'>legendum</span> <span class='ocrx_word' id='word_1_185' title='bbox 1390 4618 1459 4660; x_wconf 86' lang='lat' dir='ltr'>esse</span> <span class='ocrx_word' id='word_1_186' title='bbox 1477 4617 1553 4662; x_wconf 75' lang='lat' dir='ltr'>sso-</span> 
     </span>
    </p>
   </div>
   <div class='ocr_carea' id='block_1_9' title="bbox 225 4747 430 4762">
    <p class='ocr_par' dir='ltr' id='par_1_12' title="bbox 225 4747 430 4762">
     <span class='ocr_line' id='line_1_26' title="bbox 225 4747 430 4762; baseline -0.015 0"><span class='ocrx_word' id='word_1_187' title='bbox 225 4747 430 4762; x_wconf 73' lang='lat' dir='ltr'>——u—</span> 
     </span>
    </p>
   </div>
   <div class='ocr_carea' id='block_1_10' title="bbox 225 4831 1551 5001">
    <p class='ocr_par' dir='ltr' id='par_1_13' title="bbox 225 4831 1551 5001">
     <span class='ocr_line' id='line_1_27' title="bbox 302 4831 1551 4918; baseline -0.006 -19"><span class='ocrx_word' id='word_1_188' title='bbox 302 4843 325 4912; x_wconf 81' lang='lat'>¹)</span> <span class='ocrx_word' id='word_1_189' title='bbox 361 4839 475 4902; x_wconf 80' lang='lat' dir='ltr'>‘Priscae</span> <span class='ocrx_word' id='word_1_190' title='bbox 494 4842 643 4896; x_wconf 75' lang='lat' dir='ltr'>Latinitatis</span> <span class='ocrx_word' id='word_1_191' title='bbox 666 4840 846 4906; x_wconf 79' lang='lat' dir='ltr'>epigraphiess</span> <span class='ocrx_word' id='word_1_192' title='bbox 869 4831 1054 4918; x_wconf 81' lang='lat' dir='ltr'>supplementa’</span> <span class='ocrx_word' id='word_1_193' title='bbox 1077 4839 1190 4906; x_wconf 81' lang='lat' dir='ltr'>qulnqus</span> <span class='ocrx_word' id='word_1_194' title='bbox 1209 4838 1277 4889; x_wconf 88' lang='lat' dir='ltr'>edita</span> <span class='ocrx_word' id='word_1_195' title='bbox 1295 4837 1403 4890; x_wconf 85' lang='lat' dir='ltr'>Bonnae</span> <span class='ocrx_word' id='word_1_196' title='bbox 1427 4839 1551 4891; x_wconf 67' lang='lat' dir='ltr'>sliride·</span> 
     </span>
     <span class='ocr_line' id='line_1_28' title="bbox 225 4929 1549 5001; baseline -0.009 -7"><span class='ocrx_word' id='word_1_197' title='bbox 225 4943 280 4994; x_wconf 84' lang='lat' dir='ltr'>rico</span> <span class='ocrx_word' id='word_1_198' title='bbox 296 4939 439 4992; x_wconf 86' lang='lat' dir='ltr'>Ritsehelio</span> <span class='ocrx_word' id='word_1_199' title='bbox 463 4945 489 4987; x_wconf 84' lang='lat' dir='ltr'>et</span> <span class='ocrx_word' id='word_1_200' title='bbox 512 4934 617 5001; x_wconf 88' lang='lat' dir='ltr'>quidem</span> <span class='ocrx_word' id='word_1_201' title='bbox 635 4933 747 4999; x_wconf 87' lang='lat' dir='ltr'>primum</span> <span class='ocrx_word' id='word_1_202' title='bbox 771 4930 828 4997; x_wconf 86' lang='lat' dir='ltr'><strong>(pp.</strong></span> <span class='ocrx_word' id='word_1_203' title='bbox 841 4931 938 4994; x_wconf 87' lang='lat' dir='ltr'>xvn)</span> <span class='ocrx_word' id='word_1_204' title='bbox 958 4946 981 4983; x_wconf 85' lang='lat' dir='ltr'>a.</span> <span class='ocrx_word' id='word_1_205' title='bbox 997 4932 1083 4995; x_wconf 75' lang='lat'>1⁸62,</span> <span class='ocrx_word' id='word_1_206' title='bbox 1107 4930 1248 4999; x_wconf 81' lang='lat' dir='ltr'>secundnm</span> <span class='ocrx_word' id='word_1_207' title='bbox 1268 4929 1326 4996; x_wconf 75' lang='lat' dir='ltr'><strong>(pl).</strong></span> <span class='ocrx_word' id='word_1_208' title='bbox 1339 4930 1410 4992; x_wconf 84' lang='lat' dir='ltr'>XII)</span> <span class='ocrx_word' id='word_1_209' title='bbox 1429 4945 1454 4982; x_wconf 83' lang='lat' dir='ltr'>a.</span> <span class='ocrx_word' id='word_1_210' title='bbox 1469 4931 1549 4994; x_wconf 82' lang='grc'><strong>1863,</strong></span> 
     </span>
    </p>
   </div>
   <div class='ocr_carea' id='block_1_11' title="bbox 106 5008 1547 5096">
    <p class='ocr_par' dir='ltr' id='par_1_14' title="bbox 106 5008 1547 5096">
     <span class='ocr_line' id='line_1_29' title="bbox 106 5008 1547 5096; baseline -0.008 -11"><span class='ocrx_word' id='word_1_211' title='bbox 106 5008 110 5018; x_wconf 51' lang='grc'><strong>’</strong></span> <span class='ocrx_word' id='word_1_212' title='bbox 224 5034 327 5084; x_wconf 82' lang='lat' dir='ltr'>tertium</span> <span class='ocrx_word' id='word_1_213' title='bbox 346 5029 400 5096; x_wconf 87' lang='lat' dir='ltr'><strong>(pp.</strong></span> <span class='ocrx_word' id='word_1_214' title='bbox 409 5027 501 5090; x_wconf 78' lang='lat' dir='ltr'>xxn)</span> <span class='ocrx_word' id='word_1_215' title='bbox 521 5042 545 5078; x_wconf 84' lang='lat' dir='ltr'>a.</span> <span class='ocrx_word' id='word_1_216' title='bbox 559 5025 659 5087; x_wconf 83' lang='lat' dir='ltr'>eodem,</span> <span class='ocrx_word' id='word_1_217' title='bbox 679 5030 797 5090; x_wconf 84' lang='lat' dir='ltr'>quartum</span> <span class='ocrx_word' id='word_1_218' title='bbox 810 5022 862 5088; x_wconf 88' lang='lat' dir='ltr'><strong>(pp.</strong></span> <span class='ocrx_word' id='word_1_219' title='bbox 871 5023 977 5087; x_wconf 85' lang='lat' dir='ltr'>XVIII)</span> <span class='ocrx_word' id='word_1_220' title='bbox 990 5039 1014 5078; x_wconf 84' lang='lat' dir='ltr'>s.</span> <span class='ocrx_word' id='word_1_221' title='bbox 1026 5024 1106 5088; x_wconf 78' lang='lat'>1864,</span> <span class='ocrx_word' id='word_1_222' title='bbox 1126 5023 1243 5090; x_wconf 84' lang='lat' dir='ltr'>quintum</span> <span class='ocrx_word' id='word_1_223' title='bbox 1256 5021 1309 5089; x_wconf 85' lang='lat' dir='ltr'><strong>(pp.</strong></span> <span class='ocrx_word' id='word_1_224' title='bbox 1319 5021 1397 5084; x_wconf 83' lang='lat' dir='ltr'>XXI)</span> <span class='ocrx_word' id='word_1_225' title='bbox 1411 5037 1435 5073; x_wconf 88' lang='lat' dir='ltr'>s.</span> <span class='ocrx_word' id='word_1_226' title='bbox 1448 5022 1547 5083; x_wconf 81' lang='lat' dir='ltr'>endem,</span> 
     </span>
    </p>
   </div>
   <div class='ocr_carea' id='block_1_12' title="bbox 224 5115 906 5190">
    <p class='ocr_par' dir='ltr' id='par_1_15' title="bbox 224 5115 906 5190">
     <span class='ocr_line' id='line_1_30' title="bbox 224 5115 906 5190; baseline -0.015 -14"><span class='ocrx_word' id='word_1_227' title='bbox 224 5125 263 5176; x_wconf 85' lang='lat' dir='ltr'>sie</span> <span class='ocrx_word' id='word_1_228' title='bbox 279 5129 309 5175; x_wconf 82' lang='lat' dir='ltr'>nt</span> <span class='ocrx_word' id='word_1_229' title='bbox 326 5136 404 5190; x_wconf 83' lang='lat' dir='ltr'>snpra</span> <span class='ocrx_word' id='word_1_230' title='bbox 420 5121 518 5173; x_wconf 79' lang='lat' dir='ltr'>iactum</span> <span class='ocrx_word' id='word_1_231' title='bbox 536 5124 575 5170; x_wconf 84' lang='lat' dir='ltr'>est</span> <span class='ocrx_word' id='word_1_232' title='bbox 593 5132 609 5169; x_wconf 81' lang='lat' dir='ltr'>a</span> <span class='ocrx_word' id='word_1_233' title='bbox 627 5117 702 5169; x_wconf 85' lang='lat' dir='ltr'>nobis</span> <span class='ocrx_word' id='word_1_234' title='bbox 720 5115 906 5182; x_wconf 72' lang='lat' dir='ltr'>allegabantur.</span> 
     </span>
    </p>
   </div>
   <div class='ocr_carea' id='block_1_13' title="bbox 0 0 1744 5804">
    <p class='ocr_par' dir='ltr' id='par_1_16' title="bbox 0 0 1744 5804">
     <span class='ocr_line' id='line_1_31' title="bbox 0 0 1744 5804; baseline 0 0"><span class='ocrx_word' id='word_1_235' title='bbox 0 0 1744 5804; x_wconf 95' lang='lat' dir='ltr'> </span> 
     </span>
    </p>
   </div>
  </div>
 </body>
</html>
