3480 5804
738 436 1004 489 unscnnnsnss
1460 419 1531 490 219

206 624 244 680 ad
271 623 375 682 aedem
398 623 496 683 Divne
511 624 657 701 Virginis,
685 627 733 684 cui
755 625 908 703 Pansgiae
930 625 1129 703 pyrgiotissae
1152 644 1260 685 nornen
1282 636 1342 698 est,
1369 645 1464 704 nuper
1485 629 1535 688 de-

207 725 350 800 scriptum
377 735 407 783 et
431 744 545 784 meeum
568 727 818 810 communicatum
839 745 858 784 a
880 724 1017 786 (instato
1039 725 1213 786 Hirschfeld
1234 727 1283 784 hie
1303 746 1470 805 proponere
1492 730 1535 788 vi·

206 843 271 882 sum
294 833 349 883 est.

466 931 879 979 nonnrounnnnroursrnor
1112 899 1295 1027 sfin'

465 1032 1033 1117 naeuos·unsaros-asnaarorag·-
1091 1032 1270 1080 „transrou

466 1133 1108 1180 ramasriorxnarnror-xaranroaassaarot

466 1234 1230 1280 sennanuror-nonnanisosnrroraonnrraazrraru

465 1334 1267 1381 romuarnuoonrsarnurrnnrrorxnasuorrnraaroa

466 1416 1131 1484 stennonrunnu-sonorannuomorov

466 1534 1180 1582 ΤΟΝΒΑΥΤΟΥΕΥΕΡΓΕΤΗΝΕΚΤΩΝΙΔΙΩΝΑΝΕΘΗΚΕΝ

208 1671 297 1744 Quod
319 1681 445 1731 exeunte
466 1671 530 1731 1κῖ
551 1673 660 1750 legitur
681 1664 750 1751 iqui
772 1669 1043 1752 dvrrJarrarrarou,
1066 1674 1103 1732 ad
1125 1674 1213 1732 finem
1237 1691 1263 1730 v.
1283 1675 1296 1731 1
1321 1676 1535 1734 restituendum

206 1790 274 1831 esse
307 1774 438 1832 ostendit
469 1774 587 1833 titulum
620 1766 829 1857 aprutinorum,
862 1793 923 1853 quo
950 1794 1017 1834 eum
1045 1793 1105 1832 non
1132 1773 1223 1850 plane
1249 1775 1408 1850 expleatur
1435 1780 1535 1839 hiatus

206 1875 236 1931 in
259 1875 318 1931 v.l
348 1875 468 1943 obvius,
495 1876 598 1934 neseio
624 1893 664 1934 an
689 1876 864 1935 consulatus
890 1877 932 1935 ibi
960 1875 1110 1935 indicatus
1136 1877 1226 1937 luerit
1251 1878 1470 1956 legendumque
1496 1881 1536 1940 sit

207 1967 322 2032 ὕπατον.
367 1974 481 2033 Fasces
507 1975 603 2053 gessit
627 1975 761 2052 Regulus
789 1994 867 2035 auno
889 1976 946 2046 31,
972 1994 1051 2034 anno
1077 1985 1176 2036 autem
1198 1977 1238 2037 36
1265 1978 1384 2056 legatus
1406 1979 1535 2057 Augusti

206 2095 250 2153 pr.
272 2095 317 2153 pr.
340 2077 451 2136 missus
473 2085 520 2134 est
540 2075 578 2134 ad
599 2076 746 2151 regendas
767 2077 940 2153 provincias
961 2076 1109 2136 Achaiam
1131 2085 1162 2137 et
1180 2077 1386 2139 Macedoniam
1407 2087 1438 2138 et
1451 2081 1535 2140 Moe·

206 2177 296 2247 siam,
318 2177 427 2254 quibus
448 2194 502 2255 per
523 2183 619 2235 totum
642 2174 713 2236 Gaii
733 2177 890 2254 imperium
913 2184 944 2236 et
964 2178 1069 2255 primis
1092 2179 1182 2238 etiam
1205 2176 1324 2238 Claudii
1346 2180 1433 2239 annis
1454 2180 1537 2239 ride·

207 2288 254 2336 tur
273 2278 443 2354 praefuisse
464 2277 516 2353 (ni.
537 2276 706 2354 Hertaberg
725 2275 826 2337 Gesolt.
845 2276 1006 2337 Griaehenl.
1022 2278 1053 2336 ll
1074 2279 1139 2354 p.8
1163 2285 1193 2336 et
1215 2277 1425 2355 Dittenherger
1447 2280 1466 2337 l.
1483 2281 1535 2354 n).

207 2377 276 2437 Fuit
297 2378 387 2454 igitur
408 2379 526 2455 legatus
549 2378 755 2454 Augustorum
776 2377 883 2447 trium,
905 2396 973 2437 cnm
995 2377 1053 2437 hoo
1075 2379 1162 2438 titulo
1184 2395 1244 2437 non
1264 2380 1455 2438 enuntientur
1476 2381 1537 2439 nisi

206 2479 265 2536 duo
291 2479 343 2554 qni
370 2488 441 2537 sunt
462 2477 604 2537 Tiberius
626 2476 742 2538 Caesar
766 2479 923 2555 Augustus
950 2487 980 2535 et
1000 2477 1142 2537 Tiberius
1165 2477 1311 2539 Claudius
1333 2477 1448 2538 Caesar
1474 2482 1536 2538 Au·

206 2585 313 2656 gustus
336 2577 543 2639 Germanicus.
588 2580 624 2638 Id
648 2578 729 2655 quod
751 2597 824 2637 care
845 2597 882 2638 eo
903 2578 1032 2651 referas,
1061 2578 1144 2656 qnod
1163 2578 1299 2656 Regulus
1321 2598 1340 2637 a
1361 2577 1440 2639 Gaio
1463 2578 1537 2639 Cae·

206 2697 274 2737 sare
295 2680 422 2738 Romam
444 2691 569 2740 vocatus
591 2681 630 2739 ad
651 2680 782 2739 Lolliam
803 2697 928 2739 uxorem
943 2677 1068 2740 Caesari
1089 2679 1333 2757 despondendam
1355 2676 1453 2753 (Suet.
1469 2678 1535 2739 Cal.

207 2780 260 2852 253
289 2780 349 2838 Dio
369 2782 424 2840 59.
443 2780 495 2857 lt)
524 2792 594 2858 post
619 2782 708 2840 huius
736 2781 855 2841 demum
882 2789 1007 2840 mortem
1033 2781 1063 2839 in
1090 2780 1275 2858 provinciam
1302 2779 1436 2852 redierim
1467 2799 1537 2840 nam

205 2900 283 2941 anno
310 2892 390 2942 certa
418 2881 458 2941 40
491 2882 523 2940 in
553 2881 682 2942 Graecia
709 2902 777 2942 aum
806 2889 1022 2943 commoratum
1051 2899 1117 2940 esse
1145 2899 1185 2940 ex
1213 2880 1251 2940 iis
1280 2880 1432 2959 colligitur
1460 2898 1537 2956 quas

205 2994 307 3042 narrat
324 2983 475 3059 Iosephus
498 2982 550 3060 (A.
567 2984 594 3043 Ι.
612 2983 660 3055 19,
679 2985 705 3055 l,
724 2985 764 3060 l).
800 2984 897 3043 Immo
919 3000 1027 3042 nomen
1048 2982 1173 3060 pessimi
1193 2983 1383 3058 imperatoris
1397 2982 1537 3041 consulto

204 3085 397 3161 praeteritum
418 3093 536 3145 est-
563 3083 645 3144 Nota
665 3092 821 3161 praeterea
841 3084 991 3161 Regulum
1012 3083 1178 3161 nuncupari
1199 3074 1381 3166 πρεσβευτὴν
1402 3073 1536 3164 Τιβερίου

206 3179 349 3267 Καίσαρος
377 3177 538 3248 Σεβαστοῦ
562 3175 611 3242 uui
640 3175 879 3267 ἀντιστράτηγον,
912 3185 1005 3244 verba
1031 3194 1130 3243 autem
1156 3173 1205 3241 uui
1232 3168 1365 3266 Τιβερίου
1391 3175 1537 3241 Κλαυδίου

205 3279 348 3369 Kairapee
368 3276 531 3348 Σεβαστοῦ
556 3285 716 3360 subsequi,
742 3303 810 3344 enm
837 3285 998 3344 inserenda
1023 3292 1123 3342 essent
1148 3292 1217 3341 ante
1244 3301 1281 3340 ea
1301 3299 1379 3358 quae
1399 3292 1469 3341 sunt
1488 3272 1538 3339 καὶ

206 3376 440 3468 ἀντιπράτηγον.
462 3419 499 3431 -
536 3382 673 3446 Statuam
701 3383 812 3460 Reguli
840 3384 877 3441 de
905 3401 959 3442 suo
987 3382 1137 3441 dedicavit
1163 3381 1213 3440 Ti.
1243 3379 1389 3440 Claudius
1418 3381 1537 3442 Novius

205 3486 319 3546 Philini
340 3485 436 3556 filins,
458 3485 543 3544 euius
564 3484 652 3561 plura
672 3491 865 3542 monumenta
887 3487 1059 3561 supersunt.
1101 3481 1151 3540 De
1172 3499 1208 3540 eo
1230 3482 1284 3556 qui
1304 3498 1400 3558 nuper
1421 3481 1484 3558 egit
1505 3481 1538 3540 in

207 3587 338 3648 Hermas
359 3586 453 3645 roll
475 3605 504 3663 p.
517 3584 581 3655 ,416
593 3602 677 3660 seqq.
700 3581 897 3643 Neubauerus
916 3583 949 3641 in
970 3600 1007 3640 eo
1027 3581 1146 3641 ridetur
1166 3583 1324 3653 erravisse,
1350 3581 1432 3656 qnod
1453 3591 1538 3658 putat

206 3689 337 3749 Novium
364 3687 460 3747 inisse
480 3687 596 3765 origine
615 3685 785 3746 Romanum
807 3693 914 3761 postea
934 3683 1084 3743 civitatem
1104 3690 1224 3741 nantum
1244 3679 1383 3741 Athenis.
1427 3678 1537 3754 Quam-

206 3793 252 3851 vis
274 3790 353 3850 enim
374 3787 520 3866 originem
536 3786 671 3846 Italicam
692 3786 824 3846 indicare
838 3785 976 3845 videatur
996 3802 1105 3844 nomen
1124 3782 1205 3860 quod
1219 3789 1267 3842 est
1278 3782 1398 3853 Nouius,
1420 3789 1537 3859 patrem

205 3891 357 3952 Graecum
388 3890 484 3950 luisse
508 3887 622 3949 Philini
653 3905 762 3948 noman
793 3887 940 3957 ostendit,
972 3885 1067 3945 tilium
1100 3892 1200 3943 autem
1233 3882 1352 3943 demum
1384 3881 1536 3943 civitatem

205 3993 372 4052 Romanam
399 4011 418 4050 a
439 3989 564 4050 Claudio
589 3991 768 4067 imperatore
789 3988 940 4064 accepisse
961 4005 1145 4063 praenomen
1167 3986 1230 4044 eius
1251 3999 1421 4060 nomenque
1442 3984 1537 4043 mani·

206 4093 283 4153 festo
305 4092 517 4152 demonstrant.

1277 4218 1327 4278 W.
1349 4218 1490 4278 Hnnznu.
