3480 5804
296 477 345 549 80
467 472 470 475 ’
605 493 786 546 uomrsruv
804 491 1104 546 osssavsnnorvus
1121 492 1239 544 umes.
1259 492 1309 543 ιι.

216 731 219 737 ,
294 667 409 728 ratione
431 667 544 742 scripta
572 674 686 723 tantum
716 664 817 735 abest,
844 673 878 721 ut
905 664 932 721 ei
960 663 1146 720 coniecturae
1172 665 1306 735 obstent,
1333 671 1366 721 ut
1387 682 1453 722 eum
1474 664 1624 724 luculente

295 770 478 827 confirment.
519 766 610 827 Redit
636 766 714 823 euim
742 766 774 823 in
799 764 904 824 iisdem
931 764 1020 823 etiam
1049 774 1151 820 notum
1179 765 1357 823 elementum
1383 784 1402 823 a
1428 762 1557 824 Claudio
1585 767 1625 825 ad

294 869 486 945 alphabetum
507 865 648 924 Latinum
674 865 807 924 additum
833 883 911 923 suno
933 885 962 941 p.
978 863 1048 923 Chr.
1065 865 1115 934 47,
1142 865 1221 923 siout
1246 866 1463 925 demonstravit
1487 865 1624 925 Bueehe·

294 971 375 1028 lerus
403 969 453 1044 (de
475 967 523 1025 Ti.
547 965 673 1025 Claudio
694 966 887 1042 grammatico
909 983 938 1040 p.
955 964 1009 1041 23)
1035 967 1092 1037 ita,
1123 973 1155 1022 ut
1180 966 1329 1024 scribatur
1354 969 1386 1026 in
1412 969 1488 1026 aetia
1516 967 1581 1025 Ian.
1603 969 1622 1025 3

295 1085 427 1142 sssrsvs,
449 1069 538 1127 Febr.
556 1067 595 1125 25
617 1083 781 1137 mineruae,
805 1066 913 1124 deinde
932 1066 965 1124 in
986 1085 1022 1123 ea
1041 1074 1136 1143 parte,
1158 1066 1208 1123 ubi
1230 1067 1288 1124 iam
1308 1087 1363 1143 pro
1378 1069 1502 1144 molegio
1516 1086 1625 1128 rursus

293 1171 404 1250 legitur
425 1170 581 1245 collegium,
602 1167 669 1224 Iun.
686 1166 724 1225 23
747 1183 838 1238 uisae,
859 1175 1014 1242 praeterea
1032 1166 1169 1242 plurimis
1188 1167 1273 1238 locis,
1297 1170 1348 1227 ubi
1367 1170 1439 1228 item
1458 1170 1550 1228 scribi
1572 1169 1624 1228 de·

294 1272 359 1330 buit
378 1288 405 1344 s,
427 1270 550 1329 solitum
570 1285 592 1326 v
613 1268 699 1326 adsit.
734 1267 849 1327 Notum
872 1275 971 1325 autem
992 1275 1039 1324 est
1059 1268 1219 1342 monuique
1240 1286 1297 1346 ego
1318 1288 1438 1346 quoque
1458 1280 1532 1343 tum,
1554 1288 1623 1327 cum

293 1372 397 1430 tabula
418 1390 455 1429 ea
472 1371 600 1446 primum
616 1369 758 1427 edebatur
780 1366 896 1442 (Herm.
918 1364 976 1424 vol.
994 1365 1011 1423 2
1033 1385 1063 1441 p.
1080 1367 1144 1442 63),
1166 1367 1243 1425 hauc
1257 1387 1326 1428 esse
1339 1371 1467 1449 primam
1481 1380 1512 1429 et
1524 1370 1623 1430 adhuc

295 1472 392 1531 solam
413 1471 636 1547 inscriptionem
657 1469 688 1526 id
710 1469 888 1525 elementum
909 1468 1077 1542 habentem,
1098 1489 1188 1546 quam
1211 1480 1361 1530 constaret
1382 1479 1535 1530 exaratam
1553 1488 1623 1531 esse

294 1579 364 1649 post
385 1589 542 1629 excessum
564 1569 738 1627 inventoris.
775 1567 876 1642 Quare
891 1569 943 1643 qui
958 1569 1031 1628 haec
1046 1572 1166 1646 scripsit
1177 1573 1320 1630 adsuetus
1333 1572 1518 1630 litteraturae
1531 1570 1623 1630 Clau·

296 1672 402 1730 dianae
429 1681 489 1730 tam
515 1672 547 1728 in
568 1669 665 1727 forma
686 1669 824 1727 elementi
846 1670 904 1726 iam
927 1670 1040 1728 abolita
1061 1690 1149 1746 quam
1169 1672 1200 1730 in
1222 1673 1342 1748 collegii
1363 1673 1501 1730 vocabuli
1522 1673 1624 1731 ortho-

294 1773 420 1849 graphia
445 1770 483 1829 ad
504 1771 661 1846 pristinam
682 1770 927 1828 consuetudinem
947 1770 1043 1828 rediit.
1085 1771 1218 1847 Regulae
1239 1782 1354 1844 autem,
1381 1791 1458 1848 quas
1477 1772 1516 1831 do
1534 1790 1624 1832 voca·

294 1873 358 1932 buli
380 1871 595 1947 orthographia
615 1870 675 1927 alio
697 1877 830 1945 tempore
851 1869 913 1927 alia
927 1871 1093 1944 posuimus,
1114 1882 1144 1929 et
1157 1874 1360 1948 grammaticis
1374 1873 1504 1931 fortusse
1518 1874 1622 1950 aliquo

295 1972 385 2032 modo
407 1971 494 2031 utilia
513 1980 599 2029 erunt
620 1978 651 2029 et
671 1970 759 2028 uobis
780 1971 832 2044 qui
852 1970 884 2027 iu
904 1970 993 2028 rebus
1014 1971 1145 2046 antiquis
1166 1973 1351 2047 explicandis
1373 1991 1537 2032 versamur.
1574 1973 1624 2032 Ita

295 2073 377 2151 quod
398 2072 471 2130 alibi
491 2061 685 2146 (Stuutsrecht
702 2072 729 2141 l,
744 2069 804 2129 268
826 2090 856 2128 n.
872 2070 906 2146 4)
929 2072 1031 2128 monui
1053 2073 1172 2129 unicum
1194 2074 1323 2145 titulum,
1345 2075 1397 2150 qui
1411 2074 1544 2133 nominet
1559 2093 1624 2134 coa·

295 2173 427 2251 Regium)
448 2176 589 2233 viatorum
616 2169 726 2246 (Orell.
748 2169 859 2245 3256),
886 2171 1030 2245 seriptum
1058 2189 1126 2230 esse
1147 2173 1242 2231 videri
1262 2183 1315 2232 aut
1335 2174 1431 2233 libera
1450 2193 1483 2232 re
1503 2174 1624 2250 publiea

294 2284 346 2334 aut
367 2273 472 2351 primis
494 2273 579 2330 anuis
599 2271 741 2347 Augusti,
763 2288 829 2327 cunr
849 2271 997 2329 viatorum
1019 2290 1129 2349 corpus
1151 2293 1212 2331 non
1233 2273 1384 2333 decuriam
1406 2274 1546 2353 appellet,
1568 2276 1623 2334 sed

294 2376 464 2452 collegium,
484 2373 516 2431 id
537 2391 591 2449 per
612 2370 856 2448 orthographiam
878 2372 967 2430 etiam
989 2373 1085 2448 magis
1108 2374 1268 2432 stabilitur.

285 2499 296 2516 =
378 2474 468 2535 Addo
490 2466 875 2532 alteram'observationem
896 2491 936 2530 ex
957 2473 1063 2532 iisdem
1085 2475 1160 2532 actis
1175 2475 1308 2552 petitam.
1344 2473 1459 2534 Notum
1473 2483 1520 2535 est
1535 2494 1622 2536 voea-

294 2577 398 2636 bulum
424 2574 504 2651 quod
530 2581 577 2633 est
596 2590 665 2631 suus
694 2572 817 2630 meliore
844 2581 941 2631 aetate
966 2574 1009 2631 ibi
1035 2583 1149 2632 tantum
1171 2575 1254 2649 addi,
1281 2575 1332 2635 ubi
1353 2576 1393 2633 ad
1414 2594 1481 2635 eum
1502 2576 1539 2634 de
1560 2595 1621 2653 quo

295 2678 394 2754 agitur
413 2694 476 2734 rem
496 2674 644 2753 pertinere
666 2673 828 2731 intentione
850 2690 918 2730 eum
938 2673 1041 2748 aliqua
1062 2674 1283 2747 contendimus,
1310 2676 1406 2734 omitti
1428 2684 1542 2749 autem,
1568 2678 1621 2738 ubi

294 2777 439 2836 orationis
461 2791 569 2832 nervos
591 2791 651 2831 noa
673 2782 796 2848 augeat3
819 2782 852 2830 ut
872 2772 1003 2849 exempli
1024 2791 1116 2832 causa
1136 2775 1262 2834 dicimus
1284 2786 1507 2852 procuratorem
1521 2796 1622 2837 errore

292 2877 431 2945 iundum,
458 2875 510 2951 qui
536 2874 632 2949 ipsius
659 2873 711 2944 sit,
738 2873 943 2948 procuratorio
969 2874 1088 2931 nomine
1109 2893 1217 2933 venum
1245 2876 1364 2935 dantem
1389 2877 1511 2936 fundum
1533 2897 1621 2938 suum

295 2976 475 3047 vendidisse,
497 2993 563 3033 oum
585 2973 693 3031 fundus
716 2991 803 3048 quem
825 2979 1000 3049 procurator
1021 2973 1123 3032 vendit
1143 2976 1208 3033 eius
1228 2975 1403 3061 plerumque
1424 2980 1466 3037 sit
1486 2981 1538 3055 qui
1552 2999 1622 3039 enm

295 3074 479 3140 vendendum
501 3074 662 3144 mandavit,
683 3073 834 3130 dominum
856 3082 955 3131 autem
972 3074 1096 3132 fundum
1111 3075 1290 3149 vendidisse,
1311 3096 1371 3136 non
1385 3079 1509 3137 fundum
1524 3097 1621 3139 suum.

296 3175 357 3238 Sed
383 3176 435 3253 qui
460 3175 500 3232 ad
524 3175 652 3234 labentis
678 3174 824 3231 sermonis
845 3173 926 3233 vices
949 3175 1228 3252 attenderuntitem
1254 3177 1353 3236 sciunt
1376 3177 1455 3239 huo
1478 3181 1622 3241 severita-

295 3288 355 3339 tem
380 3277 536 3354 paullatim
562 3276 733 3334 exolevisse
757 3283 787 3333 et
807 3276 856 3334 vel
875 3274 1013 3334 Romana
1033 3283 1131 3334 aetate
1151 3277 1343 3336 fundamenta
1363 3279 1441 3338 iacta
1462 3298 1530 3340 esse
1551 3298 1623 3341 eon·

296 3378 463 3438 suetudinis
494 3377 558 3436 eius
588 3394 666 3452 quae
692 3395 771 3435 nunc
796 3375 876 3454 apud
900 3375 1027 3435 Latinae
1056 3376 1159 3454 stirpis
1186 3379 1380 3454 propaginem
1406 3381 1536 3452 obtinet,
1567 3382 1619 3440 ubi

295 3480 434 3539 domiuus
458 3479 520 3539 iam
534 3478 637 3536 vendit
657 3496 692 3536 su
708 3478 866 3555 proprius,
886 3478 910 3536 il
930 3497 981 3536 suo
998 3479 1114 3554 podere,
1136 3487 1169 3537 ut
1191 3497 1291 3536 earum
1314 3479 1467 3538 nationum
1484 3470 1621 3540 homiues

296 3599 401 3658 parum
423 3579 555 3638 eruditos
577 3578 688 3636 Latina
708 3596 783 3654 quae
803 3578 879 3655 ipsis
899 3579 1038 3638 videntur
1058 3579 1316 3637 conseribillautes
1337 3597 1483 3656 persaepe
1504 3599 1542 3638 ex
1564 3581 1622 3642 hou

296 3680 443 3741 sermonis
464 3679 538 3737 vitio
560 3695 716 3754 agnoscas.
758 3678 822 3736 Iam
845 3678 896 3737 ubi
916 3679 1085 3737 evolvimus
1107 3687 1174 3737 acta
1193 3679 1360 3752 Arvalium,
1382 3679 1462 3757 quod
1483 3681 1622 3758 epistulis

295 3781 508 3856 imperatorum
529 3778 568 3836 ad
588 3778 746 3854 collegium
767 3777 846 3836 datis
867 3796 993 3855 semper,
1019 3778 1050 3835 id
1070 3787 1117 3838 est
1137 3779 1303 3856 imperante
1322 3777 1403 3840 Gaio
1425 3791 1455 3840 et
1475 3782 1521 3840 sic
1540 3781 1622 3842 dein·

295 3898 377 3957 ceps,
398 3879 616 3955 praescriptum
630 3877 754 3953 legitur:
775 3878 939 3954 imperator
951 3879 1003 3936 ille
1017 3878 1132 3954 collegis
1147 3883 1208 3938 suis
1221 3880 1352 3951 salutem,
1374 3888 1454 3940 reete
1472 3882 1620 3955 sehabet,

296 3998 363 4040 oum
385 3979 532 4056 pertineat
552 3978 591 4035 ad
607 3977 854 4037 necessitudinem
869 3979 1086 4037 declarandam.
1121 3981 1165 4038 At
1177 3981 1208 4039 iu
1222 3981 1353 4039 formula
1366 3981 1547 4054 indictionis,
1569 3984 1622 4043 ubi

296 4089 344 4139 est
365 4078 409 4139 sic
423 4079 499 4137 iere:
521 4081 656 4153 magister
676 4080 846 4154 sacrificium
866 4098 929 4150 cura
949 4080 1064 4155 collegis
1084 4080 1196 4152 indixit,
1219 4091 1354 4156 apertum
1373 4089 1420 4139 est
1433 4083 1546 4142 nudum
1560 4083 1622 4143 eol·

295 4179 429 4256 legatum
451 4179 630 4238 vocabulum
658 4179 731 4237 satis
758 4179 911 4252 sulficere,
936 4189 967 4239 et
987 4199 1056 4239 vere
1082 4181 1222 4240 scribitur
1241 4181 1285 4239 ita
1306 4182 1345 4239 ad
1370 4189 1497 4241 aetatem
1523 4200 1622 4259 usque

254 4303 260 4310 ·
296 4279 430 4341 Traiani.
472 4279 516 4338 Αι
540 4280 573 4338 in
598 4281 673 4337 uotis
699 4281 770 4339 anni
786 4279 845 4338 118
872 4280 952 4357 quod
977 4281 1105 4358 primum
1129 4281 1238 4357 legitur
1262 4299 1325 4340 eum
1350 4283 1466 4358 collegia
1488 4286 1563 4356 sais,
1589 4283 1621 4343 id

294 4381 402 4442 deinde
422 4389 565 4459 perpetuo
586 4381 730 4439 retinetur
748 4381 935 4457 pertinetque
956 4381 1079 4439 omniuo
1100 4381 1139 4439 ad
1161 4401 1226 4440 eam
1249 4383 1396 4442 sermonis
1414 4383 1621 4460 degeneratio·

295 4500 377 4555 nem,
404 4499 482 4558 quae
504 4481 543 4540 ad
564 4481 808 4541 consuetudinem
829 4481 929 4558 qualis
951 4481 1040 4540 hodie
1064 4482 1179 4542 obtinet
1198 4484 1323 4560 proclivi
1343 4484 1449 4543 itinere
1468 4482 1619 4561 perduit

729 5095 831 5146 Formis
848 5095 1013 5149 Academicis
1032 5093 1076 5156 (G.
1089 5093 1188 5163 Vogt).
