3480 5804
331 441 405 514 294
902 455 1084 510 uouussu

330 633 469 692 ordinata
488 630 584 706 accipi
605 645 696 704 posse
717 644 804 704 nego,
826 644 961 703 quaeque
982 627 1024 686 ibi
1045 626 1174 706 legimus
1195 645 1376 704 quamquam
1397 628 1494 704 primo
1515 629 1659 708 adspectu

330 732 494 803 offendunt,
516 731 606 790 rebus
628 738 766 788 accurate
788 729 931 804 expensis
951 735 1030 787 recte
1044 729 1134 805 plane
1156 746 1188 788 se
1204 729 1321 788 babent.
1358 727 1438 789 Nam
1459 731 1541 807 quod
1561 732 1660 792 adhuc

330 834 509 894 credidimus
534 841 622 892 sexto
651 829 771 889 saeculo
797 829 896 888 nullus
925 830 1061 889 civitates
1084 827 1218 889 Graecas
1239 829 1384 890 Romanis
1405 831 1587 907 stipendium
1608 852 1659 911 pe-

330 937 482 1015 pendisse,
507 932 538 991 id
564 938 678 991 tantum
705 932 801 1003 abest,
826 937 859 989 ut
887 931 1008 1006 probari
1033 932 1141 1008 possit,
1161 938 1194 989 ut
1214 930 1343 991 sortasse
1364 933 1453 991 etiarn
1475 935 1659 994 contrarium

330 1040 428 1119 possit
453 1035 659 1095 demonstrari.
702 1029 782 1091 Nam
814 1032 845 1090 in
871 1031 1007 1089 Isthmiis
1035 1031 1097 1090 illis
1126 1031 1315 1091 Flamininus
1346 1032 1510 1110 plerosque
1539 1034 1658 1111 quidem

330 1138 478 1202 Graeciae
498 1135 626 1215 populos
647 1132 758 1192 liberos
780 1144 810 1192 et
830 1134 976 1192 immunes
998 1134 1062 1191 suis
1083 1133 1198 1209 legibus
1220 1150 1330 1193 usuros
1351 1151 1417 1194 esse
1438 1135 1658 1213 pronuntiavit3

329 1250 362 1300 at
381 1259 453 1298 uum
467 1239 525 1297 hoc
545 1237 634 1295 etiam
649 1236 688 1294 ad
701 1234 834 1293 Boeotos
848 1234 1026 1310 pervenerit,
1047 1234 1209 1293 admodum
1223 1235 1345 1293 dubium
1367 1245 1422 1295 est.
1458 1234 1538 1295 Nam
1555 1237 1658 1313 paullo

328 1348 398 1401 ante
419 1359 488 1399 cum
507 1337 599 1396 iidem
620 1354 675 1396 uec
695 1353 752 1411 pro
773 1335 942 1411 quingentis
963 1334 1107 1394 militibus
1129 1334 1273 1394 Romanis
1294 1337 1325 1394 iu
1347 1335 1474 1396 Boeotis
1493 1338 1658 1397 intersectis

327 1443 499 1520 impositam
527 1439 587 1498 sibi
612 1437 735 1496 multam
757 1435 986 1512 quingentorum
1014 1435 1194 1495 talentorum
1215 1437 1366 1497 solverent
1390 1455 1445 1497 nec
1466 1441 1576 1498 noxios
1597 1450 1658 1499 tra·

327 1544 442 1615 derent,
463 1543 529 1618 ipse
551 1557 604 1599 eos
623 1538 703 1597 bcllo
725 1554 887 1615 aggressus
908 1544 955 1594 est
972 1537 1157 1614 vastatisque
1178 1539 1260 1616 agris
1281 1549 1312 1597 et
1325 1537 1465 1599 Coronea
1485 1550 1658 1618 oppugnata

328 1663 396 1705 cum
413 1642 532 1702 tandem
554 1641 582 1699 ci
604 1656 637 1697 sc
655 1638 874 1714 permisissent,
895 1640 983 1696 iussis
1005 1639 1120 1697 tradere
1139 1643 1240 1698 uarios
1261 1649 1287 1698 et
1307 1641 1412 1699 multae
1431 1644 1543 1699 aornim
1558 1642 1660 1699 XXX

326 1747 452 1821 causare
473 1744 580 1802 talenta
596 1758 660 1817 pau
680 1741 752 1798 data
773 1747 799 1796 ct
820 1739 857 1796 ad
874 1742 1085 1815 appropriatione
1105 1756 1243 1799 recessum
1257 1739 1338 1814 (Lis.
1355 1742 1405 1813 33,
1419 1740 1486 1815 29).
1518 1741 1656 1817 Triginta

327 1845 438 1904 talenta
458 1852 528 1920 post
547 1841 659 1900 bellum
681 1847 788 1898 exacta
808 1856 874 1897 esse
887 1839 999 1897 multae
1019 1840 1137 1898 nomine
1158 1839 1210 1898 vix
1233 1840 1437 1915 credipotest,
1459 1858 1527 1898 cum
1548 1842 1653 1901 eodem

324 1945 446 2006 nomine
467 1949 536 2002 ante
549 1942 662 2001 bellum
677 1941 840 2018 quingenta
853 1940 1094 2016 postularentur;
1115 1940 1207 1998 immo
1224 1939 1365 2000 tributum
1381 1958 1512 1999 annuum
1527 1941 1583 2000 hoc
1596 1941 1654 2001 fuit

324 2046 448 2106 Boeotis
468 2063 505 2103 eo
523 2030 657 2119 tempore
677 2042 849 2119 impositum
870 2040 902 2098 id
921 2039 1032 2116 ipsum,
1053 2039 1139 2099 cuius
1160 2040 1295 2099 meminit
1315 2039 1654 2119 senatusconsultum¹),

324 2148 501 2223 videturque
533 2143 582 2202 hic
615 2160 734 2220 quoque
763 2140 870 2200 Livius
903 2141 1073 2218 Polybiane
1103 2141 1181 2199 male
1210 2141 1392 2217 corrupisse.
1444 2138 1534 2214 Quod
1559 2143 1585 2201 si
1616 2143 1655 2201 ab

325 2270 352 2309 a.
373 2248 444 2307 iude
466 2246 526 2306 558
553 2246 585 2303 in
610 2244 753 2302 universa
775 2239 903 2301 Graecia
924 2241 1032 2300 Boeoti
1058 2241 1116 2300 soli
1137 2249 1191 2300 aut
1210 2242 1273 2300 iere
1295 2241 1354 2300 soli
1375 2241 1520 2302 Romanis
1542 2243 1652 2320 stipen-

323 2348 413 2409 diarii
433 2356 532 2419 erant,
558 2347 618 2404 iam
644 2351 739 2422 patet,
766 2362 819 2402 cur
843 2343 1023 2421 quicumque
1048 2343 1153 2402 hostes
1173 2342 1320 2402 Romanis
1346 2343 1524 2417 existerent,
1552 2345 1653 2404 socios

323 2451 457 2509 Boeotos
486 2467 520 2506 se
552 2446 706 2505 habituros
736 2462 805 2504 esse
832 2443 1015 2503 confiderent
1040 2454 1073 2503 et
1101 2443 1275 2520 plerumque
1303 2444 1459 2516 haberent3
1492 2452 1525 2503 ut
1556 2447 1655 2505 evenit

324 2554 356 2610 iu
382 2551 462 2610 bello
483 2547 666 2608 Antiochino
693 2545 775 2621 (Liv.
799 2545 848 2616 35,
871 2544 919 2601 47.
943 2543 993 2617 36,
1016 2544 1045 2603 6.
1068 2543 1117 2603 20.
1144 2544 1253 2620 Polyb.
1278 2543 1327 2616 20,
1351 2545 1380 2617 t,
1403 2544 1437 2621 3)
1462 2545 1594 2623 itemque
1619 2547 1651 2604 iu

323 2653 458 2722 Persico,
479 2659 512 2708 ut
531 2667 624 2725 supra
638 2645 776 2705 vidimus.
794 2677 836 2688 -
857 2643 1044 2722 Stipendium
1066 2653 1165 2704 sutem
1180 2645 1352 2721 impositum
1374 2662 1442 2705 esse
1459 2648 1578 2723 populis
1592 2666 1653 2707 non

323 2753 413 2813 simul
434 2752 465 2811 iu
486 2749 656 2828 provinciae
682 2747 808 2805 formam
835 2745 964 2805 redactis
985 2752 1100 2804 tantum
1122 2747 1222 2819 abest,
1249 2756 1282 2803 ut
1303 2745 1455 2805 offendere
1476 2747 1592 2821 debeat,
1620 2757 1653 2808 ut

322 2855 353 2913 id
378 2855 477 2932 ipsum
502 2851 604 2929 paullo
633 2858 703 2925 post
728 2848 758 2905 in
784 2846 906 2924 Illyrico
936 2845 1016 2922 (Lis.
1039 2847 1089 2919 45,
1113 2845 1166 2922 26)
1192 2855 1222 2905 et
1247 2848 1278 2904 iu
1299 2847 1476 2906 Macedonia
1496 2848 1578 2924 (Liv.
1600 2851 1652 2923 45,

322 2955 377 3030 29)
399 2957 470 3014 item
492 2954 604 3011 factum
626 2951 673 3009 sit.

406 3053 512 3129 Capite
534 3060 642 3128 quarto
664 3051 707 3124 (v.
724 3048 861 3125 27-31)
883 3049 983 3126 agitur
1003 3049 1040 3107 de
1063 3049 1226 3107 moenibus.
1260 3047 1372 3124 Oppidi
1386 3049 1506 3109 moenis
1526 3056 1651 3110 senatus

321 3156 405 3213 iubet
430 3154 523 3224 dirui,
551 3162 584 3210 ut
609 3162 716 3228 postea
741 3150 903 3210 Mummius
936 3149 1114 3226 oppidorum
1141 3166 1218 3225 quae
1239 3147 1385 3208 Romanis
1408 3149 1438 3207 vi
1468 3151 1652 3210 restitissent

321 3256 453 3315 omnium
475 3255 594 3313 moenia
619 3252 709 3311 diruit
732 3251 876 3326 (Pausan.
899 3249 928 3325 2,
953 3252 981 3321 1,
1003 3249 1031 3308 2.
1054 3250 1084 3322 7,
1108 3250 1156 3323 16,
1179 3249 1229 3326 9);
1254 3268 1352 3309 arcem
1372 3249 1464 3308 tradit
1485 3250 1648 3311 Thisbaeis

320 3358 359 3416 iis
380 3356 432 3431 qui
454 3353 492 3412 ad
512 3355 668 3413 Romanos
690 3352 932 3430 transfugissent,
958 3360 991 3410 ut
1017 3351 1075 3411 soli
1097 3351 1138 3410 ibi
1159 3351 1329 3410 babitarent
1347 3368 1472 3427 eumque
1493 3353 1649 3412 moenibus

321 3456 548 3516 circumdarent.
581 3454 629 3512 Dc
644 3472 763 3512 summa
780 3472 812 3511 re
827 3462 956 3524 constat,
978 3470 1159 3529 quamquam
1174 3453 1266 3510 verba
1287 3451 1430 3529 impedita
1444 3462 1515 3512 sunt
1527 3463 1650 3530 propter

319 3559 435 3616 hiatum
462 3576 491 3615 v.
517 3554 556 3614 27
587 3573 647 3612 ιιοιι
673 3553 747 3613 satis
773 3563 856 3612 certa
880 3554 997 3612 rationo
1023 3553 1213 3630 explendum.
1237 3586 1275 3596 -
1297 3553 1431 3611 Adnotat
1451 3571 1481 3628 p.
1505 3553 1542 3611 41
1570 3534 1650 3613 Fou-

318 3667 419 3718 cartus
437 3658 570 3716 locorum
593 3673 703 3733 gnarus
718 3655 837 3712 moenia
858 3654 937 3711 arcis
957 3653 1053 3711 adhuc
1067 3653 1289 3711 evidentissime
1310 3654 1391 3710 cerni
1411 3654 1442 3711 iu
1460 3653 1538 3712 colle
1559 3672 1649 3732 super

318 3760 438 3818 Kakosi
463 3759 561 3816 vicum
584 3756 787 3814 Dombrcnam
814 3769 920 3812 versus
946 3755 1028 3810 facta
1054 3771 1091 3810 ex
1120 3752 1203 3810 saxis
1223 3753 1377 3826 quadratis
1404 3754 1469 3811 sine
1494 3764 1648 3815 caemento

318 3859 489 3918 commissis
515 3865 545 3916 et
572 3855 703 3914 turribus
730 3853 801 3910 olim
829 3854 954 3909 munita.
1001 3852 1085 3909 Idem
1111 3871 1150 3909 ex
1178 3852 1235 3908 hoc
1263 3853 1438 3911 documento
1464 3854 1587 3933 collegit
1611 3876 1649 3916 es

318 3960 437 4018 moenia
456 3965 526 4034 post
550 3956 581 4014 id
602 3954 800 4031 perscriptum
821 3952 979 4012 aedificata
999 3968 1079 4023 esse,
1106 3950 1187 4009 haud
1207 3951 1271 4010 scio
1292 3971 1331 4009 an
1352 3971 1412 4010 uon
1433 3961 1522 4014 recte.
1565 3956 1648 4017 Nam

318 4078 417 4118 arcem
439 4077 475 4117 eo
494 4068 628 4134 tempore
649 4055 805 4113 moenibus
828 4054 961 4112 caruisse
982 4052 1035 4111 vix
1056 4062 1135 4111 recte
1156 4052 1225 4110 inde
1247 4052 1405 4130 colligitur,
1426 4055 1507 4130 quod
1529 4067 1561 4116 ut
1581 4077 1647 4117 mu·

316 4162 416 4220 nistur
438 4165 559 4217 senatus
578 4159 638 4216 iam
652 4155 807 4232 permittit,
829 4173 897 4213 cum
911 4154 968 4213 hoc
989 4153 1060 4213 item
1076 4153 1245 4230 significare
1258 4155 1357 4232 possit
1374 4155 1546 4231 permittere
1567 4178 1646 4233 eum,

317 4270 350 4319 ut
370 4260 487 4319 munita
506 4264 687 4336 permaneat.

400 4358 508 4436 Capite
523 4359 627 4435 quinto
649 4359 692 4433 (v.
709 4354 846 4432 32-35)
868 4356 967 4434 agitor
981 4356 1017 4415 de
1039 4374 1114 4414 suro
1132 4374 1152 4414 a
1166 4355 1327 4416 Thisbaeis
1349 4363 1418 4416 ante
1432 4357 1539 4434 opinor
1552 4377 1645 4435 quum

317 4461 429 4521 bellum
451 4459 568 4518 exarsit
588 4458 698 4518 collato
720 4457 760 4516 ud
780 4475 920 4516 coronam
942 4456 974 4515 in
988 4454 1140 4534 Capitolio
1160 4456 1364 4516 dedicandam.
1399 4455 1522 4519 Scilicet
1541 4469 1645 4520 uotum

320 4662 523 4676 ...ι-1,...-

395 4800 419 4862 ¹)
442 4800 543 4851 Eodem
562 4801 615 4849 ism
633 4805 702 4849 recte
719 4798 872 4861 referemus,
891 4797 960 4863 qnod
973 4798 1010 4848 alt
1023 4797 1114 4849 Cicero
1133 4797 1166 4848 de
1178 4796 1204 4847 d'.
1217 4813 1244 4848 n.
1257 4798 1282 4859 3,
1298 4798 1341 4859 19,
1354 4799 1405 4849 49ι
1425 4813 1458 4847 au
1470 4795 1645 4863 Amphiaraus

318 4892 365 4940 erit
384 4890 445 4941 deus
470 4899 494 4941 et
517 4888 693 4957 Trophonius!
716 4891 799 4941 nostri
821 4888 918 4956 quidem
931 4885 1079 4954 publicani,
1107 4904 1162 4939 eum
1187 4894 1268 4939 esseut
1284 4889 1345 4953 apri
1364 4889 1392 4936 ia
1411 4884 1518 4936 Boeatsa
1541 4886 1642 4942 deorum

316 4980 492 5031 immortalium
511 4982 608 5047 excepti
626 4980 680 5048 Iege
698 4981 821 5043 ceusom’u,
840 4978 967 5047 aepadcut
983 4979 1134 5030 immortales
1151 4993 1205 5031 csse
1221 4977 1296 5037 ullos,
1316 4978 1361 5043 pua·
1376 4974 1513 5040 aliquando
1532 4974 1644 5032 leminea

310 5067 427 5131 ficissent.
