3480 5804
207 493 280 566 246
726 500 1006 555 amanuenses

208 684 359 744 invenitur
385 689 455 737 ante
485 674 645 752 Elagabali
671 682 787 750 tempus
817 672 946 747 (Eclrhel
968 671 1007 730 D.
1030 669 1070 729 N.
1098 669 1144 728 111
1169 688 1199 746 p.
1229 670 1314 746 375).
1367 667 1433 731 Sed
1463 678 1546 728 erret

209 787 235 845 si
254 785 322 860 quis
342 781 421 838 dicat
439 786 597 854 propterea
612 773 729 831 titulum
750 780 886 831 nostrum
909 789 1003 847 usque
1025 770 1064 829 ad
1085 771 1160 829 illud
1175 780 1293 847 tempas
1315 768 1544 829 detrudendum

209 903 285 944 esse.
328 879 408 939 Nam
435 878 493 935 hoe
517 874 694 933 vocabulum
722 892 788 931 cum
817 873 848 930 in
874 873 1002 930 nummis
1027 889 1090 929 non
1114 882 1176 942 est,
1207 880 1369 948 propterea
1396 889 1464 930 non
1492 888 1544 929 ne·

209 981 340 1042 cessario
368 977 516 1053 sequitur,
536 976 591 1033 illo
616 988 749 1049 tempore
772 972 872 1031 urbem
900 990 935 1030 eo
962 971 1093 1029 nondum
1115 970 1281 1047 praeditam
1300 971 1409 1030 luisse.
1450 968 1544 1044 Quod

210 1086 289 1142 alius
311 1079 394 1138 urbis
415 1077 555 1152 exemplo
576 1074 797 1151 comprobatur.
842 1070 943 1145 Quum
965 1072 1096 1130 enimin
1124 1071 1190 1129 basi
1212 1071 1365 1147 statuae¹)
1387 1070 1543 1131 Hadriani

209 1188 248 1244 ab
272 1177 507 1240 Laodicensibus
529 1175 658 1232 Athenis
683 1175 715 1232 in
742 1172 903 1248 Olympico
932 1172 1001 1230 vivo
1027 1172 1182 1229 etiamtum
1207 1173 1390 1247 imperatore
1416 1182 1542 1232 erectae

210 1287 353 1361 scriptum
380 1280 420 1339 sit
448 1275 464 1346 ἦ
491 1266 573 1336 πόλις
596 1263 732 1330 'lebadea
756 1273 813 1328 ruia
839 1263 887 1328 nal
909 1261 1066 1328 Ααοδικὲων
1092 1266 1161 1353 πρὶς
1181 1261 1364 1348 &alleke-p,
1384 1274 1442 1342 τῆς
1463 1271 1542 1355 ἱερᾶς

209 1374 381 1444 asiarchae
397 1369 444 1434 καὶ
460 1366 612 1440 αὖτονόμου
635 1365 871 1455 ναυαρχίδος,
894 1373 951 1430 hoc
967 1371 1146 1429 vocabulum
1163 1372 1196 1429 in
1211 1371 1339 1430 nummis
1354 1370 1542 1444 Laodiceae,

209 1488 261 1562 qui
282 1488 404 1542 exstant
431 1480 469 1535 ab
491 1475 622 1552 Augusti
644 1482 778 1549 tempore
805 1489 902 1546 usque
923 1471 961 1529 ad
983 1469 1179 1541 caracallam,
1201 1488 1349 1547 nusquam
1371 1482 1541 1549 comparet,

208 1589 252 1646 ita
276 1594 309 1643 ut
328 1578 491 1640 Ilekhelius
518 1574 563 1632 lV
584 1592 612 1648 p.
634 1574 694 1632 309
717 1592 754 1630 ne
776 1582 985 1630 commemoret
1005 1571 1125 1646 quidem
1146 1569 1324 1631 Laodiceam
1346 1571 1429 1631 inter
1451 1572 1543 1631 urbes

209 1681 418 1746 nauarchidas.
454 1677 561 1750 Itaque
582 1674 671 1731 etiam
694 1672 828 1746 Tripolis
850 1672 1009 1746 quominus
1031 1690 1067 1729 eo
1089 1671 1183 1729 multo
1205 1680 1273 1731 ante
1294 1688 1351 1731 usa
1372 1672 1427 1743 ait,
1449 1690 1542 1749 quam

208 1789 239 1845 in
254 1783 382 1843 nummis
396 1777 557 1844 invenitur,
571 1773 647 1831 nihil
661 1772 794 1846 impedit.
826 1774 869 1828 At
882 1770 913 1827 id
928 1778 1006 1829 certe
1020 1770 1119 1829 dicere
1132 1771 1245 1841 licebit,
1265 1772 1387 1830 titulum
1401 1773 1542 1832 Atticum

209 1884 406 1958 antiquiorem
427 1892 496 1932 esse
522 1892 583 1930 non
605 1888 696 1946 posse
723 1871 760 1927 iis
787 1871 985 1946 temporibus,
1011 1871 1120 1945 quibus
1147 1871 1211 1930 eius
1237 1871 1377 1930 vocabuli
1404 1872 1542 1948 primum

210 1984 331 2043 omniuo
345 1976 503 2050 vestigium
518 1972 656 2029 cernitur.
687 1972 788 2044 Atque
807 1971 940 2028 omnium
954 1971 1051 2045 prima
1064 1969 1160 2030 Sidon
1175 1970 1342 2029 Phoenices
1357 1990 1431 2031 eum
1445 1974 1542 2033 bono

209 2103 271 2143 rem
287 2080 396 2153 adepta
409 2091 477 2132 esse
491 2071 617 2141 videtur,
638 2071 670 2127 in
683 2069 770 2126 errius
785 2070 915 2127 nummis
929 2071 989 2126 ium
1004 2080 1252 2129 commemoratur
1265 2090 1345 2129 anno
1361 2071 1401 2131 85
1417 2090 1453 2148 p.
1469 2071 1540 2133 chr.

208 2185 373 2259 imperante
395 2171 568 2234 Domitiano
590 2169 720 2244 (Eekbel
740 2169 790 2226 lII
811 2189 840 2244 p.
858 2168 943 2244 368).
986 2169 1023 2226 In
1045 2170 1112 2227 aliis
1134 2171 1303 2229 eiulatibus
1325 2173 1367 2229 ab
1387 2170 1541 2233 Hadriani

207 2282 377 2361 principatu
389 2272 501 2349 incipit.
523 2270 624 2344 Quare
639 2269 728 2326 ctiam
743 2268 817 2326 haec
831 2287 879 2327 res
892 2286 927 2325 eo
943 2268 1035 2339 ducit,
1049 2278 1082 2326 ut
1095 2270 1214 2328 titulum
1228 2271 1363 2329 Atticum
1377 2271 1541 2333 Hadriano

208 2402 267 2442 nou
290 2377 487 2452 antiquiorem
508 2371 684 2429 iudicemus.
728 2368 777 2425 Ex
802 2368 895 2426 altera
915 2378 1000 2443 parte
1020 2370 1100 2444 quod
1122 2378 1191 2428 ante
1212 2380 1328 2447 tempus
1349 2375 1540 2451 compositus

208 2485 248 2543 sit
268 2479 385 2538 definiri
414 2492 473 2532 non
496 2479 603 2549 potest.
647 2468 712 2527 Iam
734 2468 771 2526 de
792 2468 924 2527 Aemilio
946 2469 1039 2527 Iunco
1061 2469 1224 2528 videamus.
1269 2470 1372 2543 Quum
1392 2473 1428 2531 in
1451 2476 1540 2534 titulo

209 2580 396 2659 amplissimo
425 2592 486 2632 non
511 2580 545 2629 ut
575 2571 606 2627 in
633 2569 701 2627 aliis
727 2569 791 2625 cius
819 2569 928 2628 aetatis
956 2586 1059 2626 omncs
1079 2570 1208 2629 honores
1229 2583 1460 2646 recenseantur,
1488 2576 1540 2635 sed

210 2701 300 2740 unum
321 2677 412 2753 legati
436 2677 513 2749 Aug.
537 2689 593 2745 pro
619 2676 757 2744 praetore
785 2669 914 2726 officium
943 2678 1204 2740 commemoretur,
1230 2689 1266 2728 co
1291 2672 1361 2749 ipso
1389 2684 1538 2752 tempore,

209 2801 267 2858 (luo
289 2782 315 2837 is
337 2779 394 2834 hoc
415 2792 535 2832 munere
556 2769 735 2844 fungebatur
755 2769 939 2843 compositus
962 2768 1001 2826 sit
1022 2786 1146 2828 necesse
1167 2778 1223 2828 est.
1263 2772 1359 2849 Atqui
1381 2776 1538 2850 quomodo

207 2885 318 2940 factum
346 2888 391 2934 est
419 2884 452 2930 ut
479 2882 542 2927 tum
564 2868 690 2925 Athenis
716 2868 892 2943 erigeretur,
920 2886 1099 2944 quamquam
1121 2888 1218 2945 neque
1243 2873 1280 2930 ab
1301 2873 1538 2936 Atheniensium

208 2981 329 3039 civitate
350 2992 447 3047 neque
468 2991 486 3028 a
500 2970 616 3045 privato
632 2967 750 3023 homine
764 2968 949 3039 Atheniensi,
972 2970 1025 3026 sed
1046 2988 1065 3027 a
1079 2969 1277 3046 Tripolitanis
1291 2971 1467 3049 Phoenices
1485 2994 1538 3053 po-

209 3080 284 3137 situs
306 3074 370 3131 esti
401 3072 485 3127 Inter
499 3066 663 3143 permultos
685 3067 763 3122 enim
779 3067 881 3124 titulos
897 3068 1073 3126 honorarius
1096 3071 1237 3145 perpauci
1258 3073 1479 3135 suntAtbenia
1500 3078 1539 3136 ab

209 3178 277 3235 aliis
299 3171 469 3232 civitatibus
491 3165 596 3243 positi,
624 3166 651 3222 si
672 3167 826 3239 exceperis
848 3174 961 3225 statuas
987 3169 1017 3224 in
1038 3167 1185 3227 Hadriani
1206 3170 1350 3230 bonorem
1371 3172 1404 3231 in
1428 3174 1538 3253 Olym·

208 3280 276 3354 pieo
299 3274 336 3331 ab
359 3290 394 3331 eo
416 3267 571 3327 aedificato
593 3263 719 3340 positas,
742 3282 817 3338 quas
839 3265 896 3323 linc
918 3284 977 3324 non
992 3269 1139 3343 pertinere
1161 3270 1350 3330 manifestum
1373 3282 1432 3333 est.
1469 3276 1538 3335 Pri·

207 3388 344 3436 vatorum
365 3372 456 3447 igitur
472 3368 547 3425 diras
570 3363 717 3423 eitrsmodi
737 3365 945 3441 inscriptiones
960 3367 1040 3437 novi,
1060 3363 1127 3443 Ἐφ.
1142 3365 1215 3447 ἀρχ.
1232 3370 1311 3428 3363
1334 3391 1353 3431 a
1368 3371 1538 3449 Gytheum

208 3482 238 3537 in
260 3479 405 3533 bonorem
427 3469 475 3528 Ti.
497 3466 617 3525 Claudii
636 3464 728 3522 Attici
749 3465 887 3540 positam,
909 3476 939 3522 et
958 3461 1024 3540 Ἐφ.
1040 3461 1112 3547 cipes„
1136 3469 1216 3527 3765
1239 3469 1280 3543 (v.
1297 3488 1389 3546 supra
1408 3492 1442 3549 p.
1463 3476 1539 3553 131)

207 3579 257 3638 ubi
284 3590 438 3634 commune
466 3566 667 3625 l’hcceusium
694 3563 889 3623 Locrensium
914 3565 1108 3624 Doriensium
1129 3567 1333 3629 Euboensium
1358 3590 1395 3631 eo
1417 3574 1541 3637 honore

207 3679 299 3738 afficit.
320 3675 360 3732 ll.
381 3670 502 3728 Iunium
525 3666 662 3726 Silanum
686 3683 740 3738 pro
767 3675 932 3740 quaestore.
977 3663 1112 3738 Quorum
1134 3670 1340 3744 exemplorum
1362 3673 1451 3748 prins
1473 3694 1539 3735 ma-

206 3779 315 3837 niscsto
342 3771 411 3830 inde
437 3765 646 3843 explicandum
672 3773 732 3834 est,
760 3764 841 3838 quod
862 3765 980 3823 Atticus
1007 3767 1073 3837 ille,
1100 3766 1235 3827 Herodis
1256 3770 1349 3828 Attici
1375 3780 1478 3849 pater,
1505 3786 1538 3834 et

206 3877 321 3949 origine
337 3866 528 3928 Atheniensis
549 3872 614 3923 erat
635 3874 664 3921 et
685 3864 813 3922 Athenis
835 3882 974 3941 magnam
990 3876 1104 3940 partem
1125 3867 1203 3924 vitae
1225 3869 1360 3946 degebat.
1391 3871 1538 3935 Alterum

207 3983 306 4034 atatem
326 3989 361 4027 eo
384 3966 520 4042 pertinet,
545 3963 624 4039 quod
646 3961 766 4022 Silanus
788 3965 993 4041 magistratum
1015 3976 1138 4042 propter
1158 3985 1246 4042 quem
1265 3971 1378 4029 honore
1399 3973 1539 4035 aflicitur

207 4077 238 4133 in
262 4069 391 4131 Graecia
417 4075 553 4143 gesserat
575 4064 702 4139 ideoque
728 4064 872 4135 Athenis,
899 4064 931 4122 in
955 4065 1146 4124 celeberrima
1172 4075 1260 4143 atque
1287 4069 1540 4147 splendidissima

208 4171 355 4234 Graeciae
376 4168 449 4226 urbe
471 4174 570 4224 statua
590 4165 721 4240 erigitur.
766 4166 865 4238 Atque
887 4165 960 4223 haec
981 4166 1058 4224 ratio
1079 4167 1166 4225 unica
1188 4178 1245 4241 est,
1275 4170 1404 4245 quaein
1426 4175 1537 4233 Aelni-

206 4276 281 4334 lium
303 4272 427 4329 Iuneum
453 4265 595 4342 quadret3
624 4265 725 4338 itaque
749 4282 816 4321 eum
844 4272 1003 4340 propterea
1024 4267 1151 4325 Athenis
1173 4277 1225 4325 aut
1245 4276 1324 4328 certe
1344 4269 1376 4327 in
1398 4268 1538 4333 Graecia

206 4391 328 4434 munere
356 4369 448 4444 legati
469 4368 604 4424 functum
629 4381 697 4422 esse
722 4364 885 4440 putandum
912 4378 966 4422 est.
1009 4364 1070 4426 Sed
1096 4366 1168 4441 quid
1193 4367 1293 4443 legato
1314 4371 1451 4445 Augusti
1477 4392 1538 4450 pro

206 4483 345 4552 praetore
367 4488 434 4527 cum
455 4467 572 4524 Achaia
592 4464 748 4540 provincia
768 4463 938 4521 senatoria?
969 4463 1019 4522 Ne
1044 4466 1075 4522 id
1100 4467 1220 4541 quidem
1241 4468 1363 4527 difficile
1384 4480 1433 4528 est
1454 4472 1537 4533 diiu-

206 4576 315 4633 dicata.
352 4569 427 4626 Inde
449 4566 486 4623 ab
502 4564 626 4622 Traiani
648 4563 727 4621 enim
749 4564 933 4637 temporibus
955 4564 985 4621 in
1006 4567 1178 4639 provincias
1200 4568 1433 4641 proconsulares
1455 4592 1538 4633 non·

205 4676 304 4735 nullas
326 4669 404 4730 mitti
430 4665 567 4726 solebant
593 4666 630 4722 ab
658 4663 887 4739 imperatoribus
911 4663 1003 4740 legati
1024 4684 1079 4741 pro
1100 4676 1238 4742 praetore
1259 4667 1298 4726 ad
1318 4669 1536 4747 corrigendum

205 4863 407 4876 -.....-—--

281 4988 304 5048 ¹)
328 4988 472 5036 Ediderunt
490 4986 590 5034 titulum
610 4982 774 5047 Rhnsopuloa
792 4974 856 5052 Ἔχ.
877 4975 940 5053 cipp.
959 4999 1013 5050 nep.
1036 4976 1111 5050 trip.
1135 4986 1177 5035 50.
1216 4986 1249 5036 U.
1268 4987 1373 5037 Henzen
1394 4987 1535 5043 Bullatino

207 5072 265 5125 dell'
285 5078 404 5125 Instituta
426 5077 495 5127 1862
514 5092 539 5139 p.
562 5074 622 5133 135,
662 5073 822 5123 liurnanudis
842 5068 974 5141 Φιλίστωρ
993 5076 1029 5125 Il.
1049 5091 1074 5138 p.
1094 5075 1156 5125 432.
