3480 5804
626 502 925 557 onsnnvumon'ns
944 502 1061 555 nmen
1074 502 1136 553 xv.
1452 489 1541 607 2⁸79

210 687 260 735 tus
288 684 344 736 est.
387 675 492 735 Edidit
513 694 581 733 eum
614 694 708 750 nuper
735 674 813 733 idem
846 676 877 732 in
909 675 1154 733 commentariolo
1186 679 1425 737 amameconoulte
1456 684 1544 742 incidit

211 781 246 837 de
269 778 379 837 l'onnds
400 776 459 835 170
480 787 568 835 noant
587 785 668 834 notre
693 778 738 834 irs
759 783 789 834 et
810 777 923 833 inserto
951 776 1097 834 volumini
1124 777 1251 853 septimo
1279 777 1392 837 ordinis
1422 785 1544 843 secundi

212 880 348 955 syllogae
370 897 446 954 quac
462 878 570 935 dicitur
583 878 714 935 arclioes
728 878 778 935 dee
792 880 925 934 missione
940 879 1123 953 erientifiquea
1139 887 1166 934 et
1180 877 1331 936 litteroires
1346 889 1375 936 et
1389 890 1545 956 praetcrea

212 998 348 1038 seorsum
371 996 489 1054 quoque
510 976 662 1055 publicato
683 977 825 1053 (Parisiis
844 976 922 1035 1872
945 996 996 1052 pp.
1014 977 1078 1052 63).
1116 976 1333 1035 Documentum
1353 980 1431 1038 inter
1448 1002 1545 1059 pauco

211 1080 310 1137 nobile
332 1090 362 1136 et
382 1098 476 1154 poene
491 1079 665 1154 primarium
687 1097 753 1136 cum
776 1078 899 1136 editoris
913 1078 1051 1136 benificio
1073 1077 1225 1153 aliquanto
1248 1086 1316 1137 ante
1334 1085 1544 1157 cognovissem

211 1199 301 1256 quom
323 1180 442 1254 publice
469 1179 594 1255 prodiit,
623 1180 802 1237 montionem
831 1179 896 1237 cius
923 1178 980 1235 feci
1006 1179 1036 1235 in
1063 1178 1152 1235 huius
1174 1179 1371 1254 ephemeridis
1399 1183 1544 1245 fasciculo

212 1281 349 1358 proxime
372 1281 566 1355 praecedente
590 1299 619 1355 p.
644 1280 719 1351 223,
749 1280 798 1337 ubi
821 1279 884 1335 dixi
907 1279 1146 1354 antiquissimum
1172 1279 1203 1335 id
1225 1297 1293 1337 esse
1315 1282 1445 1341 omnium
1468 1304 1545 1360 quae

212 1381 364 1440 consulem
387 1382 541 1457 appellent
561 1382 681 1439 nomine
696 1381 776 1456 quod
798 1387 905 1456 postca
926 1380 1054 1437 invaluit
1068 1370 1186 1436 ὑπάτου.
1219 1379 1283 1437 lam
1299 1400 1365 1439 cum
1381 1390 1544 1448 communis

213 1483 286 1540 iuris
308 1482 418 1539 fuctum
440 1483 490 1552 sit,
519 1482 631 1556 placuit
656 1490 750 1539 totum
777 1480 975 1557 ephemeridis
997 1480 1160 1538 lectoribus
1181 1498 1347 1555 proponere
1368 1503 1463 1560 eaque
1484 1489 1545 1547 adi·

212 1602 281 1641 cere
303 1582 430 1659 quaein
453 1590 593 1657 promptu
608 1583 703 1639 habco
726 1582 764 1639 ad
784 1580 995 1657 explicandum
1017 1581 1048 1637 id
1070 1588 1099 1638 et
1113 1581 1332 1641 illustrandum.
1368 1583 1448 1644 Nam
1464 1587 1545 1647 Fou-

214 1691 315 1742 cartus
338 1682 457 1759 quidem
483 1690 514 1740 et
537 1683 696 1760 diligenter
723 1692 753 1740 et
774 1682 869 1757 perito
895 1680 926 1737 id
948 1680 1161 1756 interpretetus
1183 1691 1230 1739 est
1251 1689 1280 1740 et
1301 1684 1444 1760 pleraque
1466 1700 1546 1748 recte

214 1784 402 1859 explanavit3
425 1783 478 1840 sed
500 1783 536 1840 de
550 1802 617 1841 meo
633 1802 751 1858 quoque
773 1781 918 1856 quaedam
941 1780 1049 1838 addere
1064 1781 1137 1838 mihi
1153 1799 1245 1856 posse
1259 1783 1364 1841 videor
1385 1787 1546 1851 observatu

213 1901 273 1942 non
295 1882 427 1959 indigna,
450 1892 481 1941 ut
503 1883 578 1940 meis
600 1883 652 1940 alii
674 1883 786 1940 addent
800 1900 877 1956 quae
899 1898 946 1938 me
967 1880 1116 1955 fugerunt.
1151 1882 1254 1941 Verba
1275 1894 1397 1943 senatus
1420 1891 1546 1949 consulti

214 1994 246 2042 ut
265 1985 375 2041 tradita
389 1982 568 2059 accepimus,
589 1983 633 2039 ita
648 1989 911 2059 repraesentantur
932 1981 963 2038 in
978 1981 1080 2039 tabula
1094 1982 1224 2052 adiectu3
1247 1984 1360 2043 subieci
1376 1991 1548 2065 exemplum

213 2085 383 2143 restitutum
410 2092 440 2140 ct
468 2084 636 2141 versionem
664 2103 759 2142 nicam
782 2082 931 2141 Latinam.
976 2078 1192 2158 Supplementa
1213 2084 1244 2141 in
1265 2085 1317 2143 illo
1340 2086 1474 2146 admissa
1496 2094 1547 2149 ubi

214 2196 301 2243 taceo
325 2184 467 2242 Foucarti
490 2192 568 2241 sunt„

229 2387 240 2425 t
256 2358 370 2427 lidwrcc
383 2359 500 2425 Μαίνιος
515 2358 599 2421 Τι’του
623 2360 681 2427 υἱός
700 2361 861 2449 στρατηγδς
898 2362 936 2436 Q.
951 2363 1090 2422 Maenius
1105 2364 1143 2421 Τ.
1156 2363 1176 2420 f.
1192 2376 1313 2440 praetor
1328 2377 1463 2429 senatum
1479 2390 1548 2433 con·

228 2487 241 2525 2
297 2470 333 2546 τῇ
365 2460 521 2543 ουνκλυζιτῳ
554 2458 806 2529 συνεβουλεύσατο
833 2465 861 2523 ἐν
940 2464 1033 2521 suluit
1059 2465 1089 2521 in
1118 2465 1240 2522 comitio
1270 2483 1296 2523 o.
1326 2467 1354 2524 d.
1387 2468 1447 2529 Vll
1482 2474 1549 2533 idus

228 2586 241 2626 8
297 2560 413 2643 κομετῖῳ
440 2562 490 2650 πρό
517 2564 658 2649 ἧυερ[[ῶ]ν
676 2563 747 2625 irrui
763 2562 862 2625 εἱδυοῗυ
941 2563 1099 2623 Octobres·

297 2660 506 2749 Ὀκτωμβρῖυο.

229 2760 424 2853 ll'pcrtporae'rm
444 2767 450 2844 Ι
468 2771 597 2850 παρῆσαν
617 2758 725 2825 Μάνιος
745 2760 867 2828 Ἀκῖλοος
903 2763 1070 2825 scribendo
1094 2765 1254 2825 adsuerunt
1278 2762 1326 2826 Μ’.
1355 2772 1473 2832 Acilius
1499 2776 1548 2834 Μ’.

229 2891 241 2928 o
298 2862 405 2927 Μαιυόυ
429 2859 695 2947 υἷδς’0>.τε[ιιυ’]ΙΙα,
714 2859 796 2930 Tim
814 2874 866 2926 Ne·
944 2867 964 2925 f.
988 2865 1133 2935 Voltinia,
1155 2865 1192 2925 T.
1214 2866 1370 2929 Numisius
1392 2872 1428 2931 Τ,
1451 2875 1471 2931 f.

298 2963 389 3037 με’σοος
411 2962 495 3026 Τι’του
518 2960 586 3027 oio'c.

230 3061 322 3153 ollcpi
350 3057 387 3127 civ
409 3061 540 3148 Θισβξεῒο
568 3059 677 3144 λέγους’
702 3064 865 3139 ἕποοῆταντο
903 3067 993 3142 Quod
1015 3066 1158 3126 Thisbaei
1179 3068 1273 3126 verba
1293 3070 1426 3131 fecerunt
1446 3075 1483 3133 do
1504 3097 1550 3137 re·

232 3188 244 3229 ῑ
300 3161 358 3253 napi
380 3171 436 3227 τῶν
459 3165 533 3226 καθ’
552 3164 664 3245 adiretis*
679 3163 866 3253 πραγμάτων,
944 3169 1000 3227 bus
1022 3169 1059 3225 ad
1081 3186 1113 3226 se
1129 3170 1346 3243 pertinentibus
1362 3175 1548 3251 quiquidem

231 3294 244 3329 s
300 3260 396 3328 οἵτινες
415 3268 443 3325 ἐν
456 3271 493 3344 τῇ
506 3262 589 3341 φιλίᾳ
603 3271 639 3345 τῇ
656 3266 662 3348 Ι
680 3262 796 3352 ἦοοτὲξᾳ
811 3261 865 3326 εόἐ-
943 3269 973 3325 in
996 3268 1127 3325 amicitia
1141 3278 1244 3325 nostru
1257 3287 1496 3347 permanserunt,
1518 3290 1552 3335 ut

300 3392 406 3437 μανον,
432 3360 507 3427 ὅπως
536 3358 615 3424 αὐτοὶ
637 3360 866 3449 [dedi-affl)
944 3368 1002 3442 ipsi
1012 3386 1112 3425 rerum
1123 3366 1161 3423 ad
1174 3384 1206 3424 sc
1213 3371 1425 3444 pertinentium
1436 3393 1551 3436 correc-

232 3496 244 3529 υ
301 3459 866 3550 1ε]ο’ςτοὶκαθἀὖτοῦςπροίγματαε[ἰτ]·
944 3467 1054 3523 tionem
1082 3466 1300 3543 praeciperent,
1330 3470 1367 3530 de
1394 3493 1430 3532 ea
1456 3496 1488 3534 rc
1510 3479 1552 3536 im

218 3590 245 3630 ro
299 3561 477 3647 ηγῆτωυτοι·
500 3556 759 3650 replendum-md
773 3564 865 3652 rpcr'y·
944 3574 1136 3625 censuerunt:

300 3692 391 3740 ματος
412 3659 500 3729 οὕτως
521 3658 633 3747 ἕδοξονε

220 3792 243 3831 ιι
258 3764 336 3833 ὅπως
349 3762 465 3829 Κόιντος
484 3767 489 3845 Ι
508 3760 623 3827 Μαίνιος
636 3762 798 3851 στρατηγὼ
813 3770 867 3825 τῶν
904 3778 935 3827 ut
962 3764 1000 3840 Q.
1027 3767 1165 3826 Maenius
1194 3778 1313 3845 praetor
1340 3776 1481 3832 senatorii
1504 3795 1552 3835 or·

219 3890 246 3931 ιυ
301 3871 333 3930 ἐκ
360 3874 410 3942 τῆς
434 3856 590 3937 ουνκλυζτου
612 3857 732 3953 [ἄνδρας
750 3865 756 3949 Ι
775 3859 867 3944 π]ἕι’τι
945 3869 1024 3926 dinis
1046 3869 1127 3926 viros
1149 3871 1280 3947 quinque
1306 3872 1471 3951 delegaret,
1500 3878 1552 3952 qui

304 3962 449 4051 ἀποτάξῃ,
476 3960 499 4026 οἳ
528 3957 565 4030 οἶν
592 3965 671 4045 αὐτῷ
691 3969 722 4027 ἐκ
743 3971 800 4026 τῶν
820 3964 867 4037 δυ,-
947 3969 1003 4027 sibi
1026 3989 1042 4027 e
1070 3988 1102 4026 rc
1126 3970 1248 4046 publica
1268 3972 1385 4049 fideque
1407 3994 1464 4035 sua
1485 3996 1552 4037 esse

221 4092 246 4131 13
302 4064 406 4141 μοσῖωυ
424 4062 635 4153 πραΙ[γ]υα’το·υ
656 4061 704 4127 uui
725 4073 776 4140 τῆς
796 4062 870 4130 ἰδίας
947 4069 1126 4127 viderentur.

302 4165 424 4232 πίστεως
445 4163 610 4248 φαίνωνται.

301 4246 417 4335 Ἔδοξε.
907 4250 1103 4312 Censuerunt.

784 4486 987 4500 ..hun——

303 4907 328 4971 ¹)
353 4909 401 4959 Ait
418 4907 561 4959 Foucartus
578 4922 606 4975 p.
625 4908 661 4961 30
678 4906 790 4973 primam
808 4906 928 4959 vocabuli
944 4906 1061 4957 dum
1078 4912 1125 4957 sut
1142 4908 1168 4963 Δ
1186 4906 1266 4959 misse
1285 4914 1331 4959 aut
1349 4910 1379 4973 t,
1398 4918 1459 4961 ante
1477 4911 1552 4965 ont

224 5006 307 5060 rideri
325 5010 375 5061 sibi
394 5009 482 5061 videre
499 5010 614 5060 litteram
633 5008 663 5071 Β,
682 5008 729 5061 ssd
747 5006 861 5059 dubim.
897 5002 968 5059 utel
988 5006 1163 5059 norman
1180 5016 1220 5061 est
1235 5016 1305 5059 recte
1323 5025 1382 5061 eum
1402 5012 1553 5062 vocabulum

225 5106 378 5173 explevisse.

1289 5196 1351 5255 20⁹
