3480 5804
264 505 312 574 94
824 519 1023 570 uuusuns

665 617 822 626 sm—

262 695 396 772 legiones
418 691 523 751 iisdem
545 690 652 749 castris
675 689 902 766 haberentur1).
946 690 981 748 Id
1003 708 1122 766 quoque
1144 691 1201 749 huc
1221 690 1309 762 facit,
1331 693 1412 767 quod
1435 692 1506 753 Sex.
1529 696 1592 753 Au·

261 797 359 854 lienus
382 794 425 869 (n.
443 793 475 868 7)
498 801 622 850 vocatur
638 793 802 867 praefectus
824 800 982 850 castrorum
1003 793 1188 867 Imperatoris
1205 792 1338 851 Caesarie
1360 795 1486 870 Augusti
1506 806 1532 854 et
1548 796 1591 853 Ti.

265 898 402 957 Caesaris
426 893 567 969 Augusti3
593 892 684 968 legati
711 892 789 950 eninr
819 893 992 967 provinciae
1019 899 1050 949 et
1076 892 1219 968 legionis,
1248 903 1459 968 procuratores
1479 896 1592 973 aliique

261 998 456 1073 magistratus
483 995 521 1052 ab
543 994 724 1068 Imperatore
751 994 844 1074 creati
871 993 957 1068 eique
979 993 1038 1070 ipsi
1061 993 1174 1052 subditi
1196 994 1275 1051 hand
1297 1012 1365 1052 raro
1387 1004 1532 1057 rooaotar
1553 998 1591 1054 le-

260 1102 336 1174 gati,
362 1103 564 1173 procuratores
591 1104 640 1151 cet.
662 1094 848 1168 Imperatoris
869 1094 965 1154 illias:
994 1094 1045 1151 vix
1066 1103 1164 1152 autem
1186 1113 1318 1170 unquam
1340 1096 1397 1154 hoc
1418 1095 1508 1155 modo
1530 1097 1591 1155 Im-

261 1198 409 1278 peratoris
431 1214 540 1252 nomen
560 1194 724 1252 tribunatui
746 1195 887 1266 militum,
915 1194 1121 1271 praefecturae
1143 1196 1276 1254 cohortis
1299 1196 1416 1268 alaeve,
1443 1200 1591 1256 centurio-

223 1363 226 1366 ,
259 1300 381 1363 uatibus
402 1297 574 1355 adiunctum
596 1295 739 1371 reperies.
781 1295 829 1354 Ne
851 1312 922 1354 vero
944 1295 1017 1353 mihi
1039 1313 1186 1370 opponas,
1208 1295 1289 1371 quod
1305 1294 1482 1356 Caetronius
1504 1299 1590 1356 Pisa·

260 1417 335 1471 nus,
361 1398 572 1456 Africanorum
599 1405 767 1454 castrorum
792 1396 977 1473 praefectus,
1004 1396 1089 1454 iussu
1114 1396 1205 1472 legati
1226 1396 1354 1472 legionis
1372 1397 1483 1456 Valerii
1505 1399 1590 1458 Festi

259 1500 291 1559 in
306 1499 426 1558 vincula
446 1497 591 1555 conicitur
613 1495 656 1570 (n.
672 1495 741 1570 20):
764 1506 793 1554 et
814 1497 946 1574 legatum
968 1496 1095 1572 legionis
1109 1497 1159 1554 Ill
1174 1499 1332 1574 Augustae
1354 1497 1443 1556 simul
1459 1500 1589 1577 legatum

261 1600 433 1678 provinciae
454 1598 548 1654 fuisse
563 1595 723 1654 Numidiae
744 1614 821 1672 quae
842 1605 948 1674 postea
968 1597 1049 1655 dicta
1069 1606 1126 1668 est,
1148 1604 1276 1669 constat,
1297 1617 1352 1657 neo
1374 1599 1521 1658 eiusmodi
1539 1619 1590 1658 ex-

261 1701 421 1778 plicatione
443 1699 491 1755 hic
512 1714 646 1773 egemus:
674 1698 782 1759 eodem
803 1699 882 1756 enim
904 1705 1153 1775 praetextuque
1174 1697 1318 1757 Pisanum
1341 1701 1457 1773 vinciri,
1480 1701 1590 1759 Festus

260 1803 403 1860 Pisonem
421 1800 542 1859 Africae
563 1799 775 1878 proconsulem
796 1798 923 1856 interfici
944 1798 1043 1869 iussit,
1064 1799 1117 1874 qui
1139 1798 1245 1874 procul
1266 1799 1357 1858 dubio
1378 1801 1442 1859 eiua
1464 1801 1590 1879 imperio

261 1902 397 1962 subditus
419 1920 478 1960 non
500 1911 572 1960 erat.

343 2002 475 2061 Absente
501 2011 598 2061 autem
626 2000 727 2078 legato
749 1999 924 2076 plerumque
946 1998 1027 2057 vices
1049 2000 1115 2057 eius
1137 1999 1308 2077 suscepisse
1330 2001 1456 2062 ridetur.
1499 2002 1589 2061 Taci-

261 2113 309 2162 tus
331 2103 407 2161 enim
431 2109 533 2160 namet
555 2102 597 2176 (n.
616 2101 668 2177 15)
690 2099 834 2159 Poenium
850 2100 1027 2158 Postumum
1049 2100 1232 2175 praelectum
1253 2109 1420 2161 castrorum
1442 2103 1590 2161 secundae

260 2204 388 2280 legionis
419 2202 500 2262 bello
532 2202 721 2272 Britannico,
753 2200 881 2277 cognitis
912 2201 1251 2276 quartadecumanorum
1283 2203 1590 2280 vicesimanorumque

259 2303 414 2381 prosperis
436 2304 539 2374 rebus,
565 2303 636 2380 quia
656 2302 722 2378 pari
742 2301 840 2378 gloria
858 2301 1006 2378 legionem
1035 2318 1121 2360 suam
1149 2301 1351 2362 fraudavisset
1377 2304 1590 2381 abnuissetque

259 2411 365 2463 contra
384 2404 473 2462 ritum
495 2403 619 2461 militiae
640 2404 723 2461 iussa
744 2402 829 2461 ducis
852 2400 987 2462 Suetonii
1009 2400 1140 2474 Paulini,
1164 2403 1256 2480 legati
1277 2404 1449 2481 provinciae
1470 2404 1590 2464 Britan·

260 2506 341 2578 niae,
368 2505 466 2581 ipsum
494 2521 528 2562 se
553 2504 654 2582 gladio
679 2503 874 2581 transegisse.
917 2501 1047 2561 Videtur
1070 2500 1164 2582 igitur
1187 2504 1268 2582 legio
1289 2507 1422 2564 secunda
1441 2506 1494 2564 illo
1516 2516 1589 2566 tem-

260 2625 332 2683 pora
356 2606 486 2681 legatum
514 2622 574 2662 non
599 2604 754 2662 habuisse:
781 2621 871 2679 quem
893 2604 919 2662 si
941 2603 1110 2676 habuisset,
1135 2603 1165 2665 al
1187 2603 1349 2665 Suetonius
1371 2607 1519 2683 imperare
1540 2608 1589 2666 de·

259 2707 361 2778 bebat,
391 2715 424 2764 ut
451 2705 598 2782 legionem
628 2704 789 2763 adduceret
813 2705 938 2779 eiusque
965 2711 1031 2763 erat
1057 2703 1104 2762 rel
1132 2705 1253 2765 obedire
1280 2707 1329 2765 vel
1356 2707 1499 2766 abnuere:
1528 2710 1587 2766 iam

259 2828 326 2866 eum
352 2806 503 2880 praefecto
528 2811 696 2863 castrorum
721 2806 847 2880 imperet
867 2805 953 2879 isque
975 2804 1119 2863 detrectet
1139 2805 1238 2877 iussa,
1265 2806 1422 2866 iudaeum
1444 2810 1589 2868 nicanum

259 2907 350 2983 legati
370 2907 465 2964 fuisse
487 2914 620 2982 apparet.
664 2905 740 2963 ltem
761 2904 841 2962 bello
854 2903 1017 2963 Vitelliano
1039 2905 1186 2964 seditione
1207 2906 1239 2965 in
1260 2908 1369 2966 castris
1390 2919 1497 2967 exorta
1520 2928 1587 2968 oum

259 3008 374 3066 Valens
402 3006 521 3081 legatus
550 3004 652 3062 servili
682 3012 764 3064 veste
793 3004 872 3079 apud
900 3005 1091 3064 decurionem
1119 3006 1249 3081 equitem
1280 3006 1387 3079 lateat,
1419 3011 1588 3086 praefectus

259 3118 426 3165 castrorum
450 3123 598 3162 summum
620 3114 701 3164 tenet
721 3105 877 3181 imperium
899 3103 942 3178 (ιι.
957 3104 1019 3181 17).
1052 3106 1192 3181 Denique
1213 3107 1245 3164 in
1260 3109 1400 3185 Aegypto
1422 3112 1588 3185 praefectos

259 3216 424 3266 castrorum
447 3207 612 3280 legatorum
634 3207 734 3263 locum
757 3205 921 3263 obtinuisse
944 3223 1036 3283 supra
1057 3207 1337 3267 demonstravimus.

342 3306 541 3366 Centuriones
568 3306 737 3382 militesque
759 3305 879 3365 obedire
900 3307 992 3365 iussis
1014 3307 1156 3381 praelecti
1178 3317 1346 3367 castrorum
1366 3310 1520 3382 debuisse,
1549 3332 1587 3370 ex

258 3409 439 3468 testimoniis
472 3425 564 3482 supra
593 3407 697 3465 relatis
729 3415 863 3478 constat;
899 3407 1037 3465 tribunos
1069 3408 1112 3480 ei,
1146 3408 1196 3468 ubi
1230 3409 1357 3468 vicarius
1389 3411 1480 3488 legati
1511 3424 1587 3483 erut,

258 3511 396 3586 paruisse
427 3508 618 3566 manifestum
651 3518 711 3578 esta
743 3525 958 3583 usquequaque
989 3528 1059 3566 num
1092 3527 1197 3584 parere
1230 3528 1282 3568 eos
1315 3513 1495 3587 oportuerit,
1527 3532 1586 3571 nou

258 3611 397 3668 diiudieo.

342 3709 512 3770 Officialem
533 3710 625 3767 habet
646 3708 875 3767 cornicularium
899 3707 941 3783 (ιι.
959 3709 1007 3766 47.
1024 3707 1088 3783 48).

340 3810 447 3868 Restat
473 3817 506 3866 ut
527 3819 694 3884 quaeratur,
721 3827 797 3883 quae
820 3809 884 3866 eius
906 3808 1015 3867 luerint
1035 3828 1157 3868 munera
1179 3810 1346 3887 officiaque.
1389 3814 1436 3871 Ao
1458 3814 1586 3889 primum

257 3910 375 3986 quidem
399 3910 517 3985 vigilias
543 3920 572 3967 et
593 3909 739 3967 stationes
761 3908 906 3984 disponit,
933 3919 965 3966 ut
986 3910 1134 3967 obeantur
1155 3928 1174 3967 a
1194 3912 1417 3971 centurionibus
1439 3917 1585 3991 providet,

258 4012 345 4087 signa
371 4009 443 4068 tuba
463 4010 528 4067 dari
549 4011 645 4079 iubet,
672 4009 782 4084 quibus
805 4008 891 4066 miles
913 4009 951 4066 ad
972 4009 1056 4067 varia
1077 4011 1181 4068 munia
1201 4011 1340 4070 iacienda
1359 4015 1454 4073 cietur
1475 4015 1518 4090 (n.
1537 4018 1583 4075 17.

257 4112 322 4187 40).
364 4110 414 4168 Ad
441 4110 623 4187 praefectum
650 4118 808 4168 castrorum
832 4112 953 4186 positio,
980 4109 1054 4168 calli
1079 4121 1105 4168 et
1116 4112 1218 4186 fossae
1239 4116 1397 4173 aestimatio
1414 4119 1582 4191 pertinebat.

260 4211 455 4270 Tabernaeala
486 4211 531 4269 oei
561 4229 645 4269 casae
670 4212 792 4270 militam
817 4230 879 4269 cam
906 4212 1109 4289 impedimentis
1135 4213 1262 4272 omnibus
1287 4223 1357 4273 nata
1382 4219 1476 4291 ipsias
1501 4236 1583 4275 eara-

333 4497 356 4561 1)
384 4499 514 4549 Lucienus
531 4495 580 4555 πός
599 4493 641 4547 isi
657 4495 709 4548 ier.
729 4513 816 4566 σνῃρ.
832 4500 874 4560 21,
890 4499 924 4548 30
943 4505 1077 4563 postquam
1097 4501 1248 4564 perstrinxit
1266 4516 1319 4564 eos,
1340 4503 1384 4567 qui
1401 4503 1510 4568 poeticis
1528 4517 1583 4554 rer·

257 4588 296 4638 bis
314 4595 421 4640 utuntur
440 4590 467 4639 ln
485 4589 593 4639 historia
612 4590 760 4651 scribenda,
782 4590 841 4639 illos
861 4604 963 4655 quoque
980 4589 1121 4655 vituperat,
1141 4592 1185 4656 qul
1204 4592 1336 4642 vocabulis
1355 4593 1465 4644 exilibus
1484 4601 1510 4643 st
1528 4595 1583 4643 rul-

255 4679 358 4742 garibus
377 4694 492 4745 quaeque
510 4695 524 4729 e
543 4681 718 4731 mendicorum
738 4681 922 4731 cousuetudine
940 4679 1033 4730 hausta
1051 4688 1125 4745 putes
1144 4697 1196 4732 non
1214 4682 1367 4745 abstineant,
1387 4685 1585 4750 exemplumque

256 4770 382 4818 eiusmodi
401 4773 526 4821 sermonis
544 4772 709 4836 improbandi
727 4771 810 4822 adfert
824 4769 916 4820 verba:
936 4767 1079 4820 trianto
1099 4761 1113 4820 ὅ
1132 4762 1356 4845 στρατοπιῖἆρχης
1368 4772 1402 4838 τῷ
1419 4769 1501 4842 κυρίῳ.
1532 4775 1585 4826 Ubi

256 4873 307 4922 quo
331 4860 493 4922 potissimum
513 4863 539 4911 in
558 4863 637 4910 verbo
655 4864 766 4926 positum
786 4863 820 4913 ait
839 4862 942 4926 uulgare
961 4862 1039 4923 illud,
1064 4863 1171 4912 multum
1191 4865 1325 4928 litigarunt
1343 4866 1391 4914 riri
1411 4865 1494 4916 docti:
1519 4865 1583 4915 mibl

254 4949 383 4998 Lucienus
402 4951 547 5015 vituperare
565 4953 680 5015 videtur,
705 4954 774 5017 quod
798 4968 845 5018 pro
870 4939 1008 5018 στρατηγᾶς
1025 4953 1066 5001 uel
1086 4945 1260 5022 στρατηλᾶτης
1280 4955 1376 5005 dietum
1396 4958 1430 5005 sit
1448 4971 1583 5023 asparem·

256 5026 367 5107 δᾶρχης,
393 5055 441 5103 pro
463 5029 617 5108 αὐτοκράτωρ
637 5043 678 5090 rel
696 5042 799 5108 Καῖσαρ
819 5043 969 5093 vocabulum
989 5044 1068 5092 servis
1088 5053 1185 5095 tuntum
1206 5047 1362 5097 eonvenlens
1380 5035 1469 5115 sister.
1507 5046 1584 5098 Certa

256 5117 480 5200 στρατοπιδᾶρχης
498 5124 547 5180 hoc
565 5131 624 5181 loco
643 5146 695 5181 non
714 5139 752 5181 est
770 5134 913 5198 praelectus
932 5139 1080 5186 castrorum.
