3480 5804
204 492 277 563 272
774 510 954 564 normann

202 681 374 759 dingtonius
386 682 416 758 ¹)
446 681 621 741 Polemonis
653 682 748 758 patris
781 683 912 741 Zenonis
944 689 1069 740 mortem
1100 692 1180 741 recte
1210 682 1250 741 ad
1276 699 1396 741 annum
1424 678 1547 737 rettulit

203 801 232 841 u.
249 802 274 843 c.
291 784 362 855 746,
383 784 491 843 aetatis
513 784 719 843 determinatio
739 783 794 841 illa
806 784 896 842 etiam
911 783 1007 860 magis
1028 783 1227 842 confirmatur.
1261 782 1386 842 Pendet
1399 780 1546 858 quaestio

202 902 239 943 ea
260 886 298 943 ab
318 884 561 961 interpretatione
576 885 838 961 monogrammatis
853 884 934 960 quod
955 884 1086 943 cernitur
1102 883 1134 943 in
1147 885 1246 944 aureis
1259 884 1345 962 regni
1361 880 1544 959 Bosporani

203 986 286 1044 cusis
313 986 351 1043 ab
379 1005 406 1044 a.
430 985 489 1044 746
516 986 554 1044 ad
580 1004 607 1044 a.
631 985 688 1043 761
718 985 877 1062 compositi
902 1003 941 1043 ex
967 985 1120 1043 elementis
1141 1003 1168 1044 ιιι
1191 991 1223 1045 et
1241 1003 1263 1045 a
1287 994 1319 1044 et
1341 985 1486 1044 fortasse
1507 999 1541 1055 ις

202 1104 263 1162 quo
285 1093 540 1164 monogrammate
562 1104 618 1163 ego
639 1087 823 1145 adsentiente
843 1086 905 1144 fere
927 1083 1076 1162 Sallust)
1098 1088 1212 1146 conieci
1225 1085 1393 1165 significari
1405 1075 1542 1151 Δόναμιν

202 1196 235 1246 et
255 1178 458 1270 Μιθραδάτην,
480 1186 536 1246 sub
558 1187 616 1247 hoc
637 1195 737 1246 autem
758 1187 877 1247 nomine
898 1187 992 1246 latere
1005 1187 1214 1247 Polemonem:
1241 1196 1346 1247 contra
1365 1185 1541 1263 Waddiug·

204 1289 305 1347 tonius
327 1307 393 1347 eam
414 1289 644 1365 explicationem
665 1288 782 1346 admitti
796 1305 888 1364 posse
908 1306 1022 1366 negans
1044 1289 1198 1347 contendit
1215 1293 1480 1365 monogrammate
1502 1302 1540 1346 eo

201 1389 323 1449 excludi
344 1390 549 1449 Polemonem.
591 1376 656 1447 Iam
685 1409 718 1447 re
744 1389 841 1447 denuo
866 1406 1015 1465 perpensa
1039 1390 1112 1448 mihi
1136 1407 1256 1466 quoque
1280 1388 1402 1449 videtur
1426 1404 1539 1448 aarum

203 1489 318 1550 vidisse
342 1491 447 1550 doctus
469 1490 697 1568 Francogallus,
726 1489 856 1549 maxime
882 1498 1041 1568 propterea
1066 1491 1148 1567 quod
1168 1491 1317 1567 Dynamio
1336 1489 1423 1567 prior
1442 1488 1540 1549 Pole-

203 1592 300 1652 monis
322 1611 401 1651 uxor
421 1599 489 1651 ante
511 1599 630 1650 mortua
649 1591 690 1650 sit
710 1609 834 1651 necesse
855 1600 903 1650 est
923 1611 1013 1668 quam
1035 1592 1062 1651 ei
1084 1591 1188 1667 nupsit
1208 1590 1409 1669 Pythodoris‚
1433 1607 1540 1667 nequa

205 1693 279 1752 satis
300 1700 435 1770 apparet,
456 1693 507 1769 qui
523 1693 679 1751 defunctae
700 1712 808 1751 nomen
830 1693 861 1751 in
881 1693 1011 1751 nummis
1034 1695 1142 1752 durare
1162 1693 1302 1769 potuerit.
1334 1691 1361 1750 lt
1378 1691 1539 1752 saumario

201 1810 270 1853 cnm
291 1794 366 1852 satis
389 1801 505 1852 constet
520 1793 672 1869 Dynamin
691 1794 874 1853 Mithridatis
893 1794 1057 1870 Eupatoria
1071 1803 1189 1870 neptem
1211 1793 1408 1853 aPolemone
1421 1792 1455 1852 in
1471 1812 1540 1853 ma·

203 1894 376 1952 trimonium
398 1895 515 1952 ductam
537 1910 605 1952 esse
626 1913 658 1979 a.¹
676 1894 737 1951 740
759 1894 857 1952 dotem
879 1896 906 1953 ei
929 1896 1102 1955 afferentem
1123 1895 1221 1970 ipsum
1242 1911 1365 1971 reguum
1388 1892 1539 1970 Bospori,

203 1993 377 2052 Polemonis
395 2013 463 2052 cum
477 1994 681 2070 Pythodoride
701 1995 921 2054 matrimonium
936 1997 1191 2056 circumscribitur
1204 1997 1292 2056 annis
1311 2014 1337 2055 e.
1353 1994 1539 2069 tet—746,

203 2102 237 2152 ut
257 2094 311 2152 illo
332 2094 395 2153 sere
415 2114 493 2153 auno
515 2114 581 2153 eam
603 2094 725 2154 duxisse
744 2095 889 2167 videatur,
910 2096 969 2155 hoc
984 2090 1062 2156 dier'n
1084 2097 1204 2156 obiisse.
1221 2131 1259 2142 -
1281 2098 1419 2185 Autquia
1437 2097 1539 2177 igitur

203 2205 298 2256 mater
319 2195 532 2272 Pythodoridis
557 2214 623 2254 oum
645 2198 676 2255 in
698 2197 888 2256 matrimonio
909 2197 997 2257 fuerit
1017 2218 1043 2258 c.
1066 2217 1093 2257 a.
1117 2197 1187 2270 720,
1212 2198 1328 2258 natales
1353 2198 1420 2258 eius
1442 2198 1486 2258 ad
1507 2218 1537 2258 a.

202 2297 356 2356 minimum
372 2297 432 2356 705
454 2297 624 2368 reiciantur,
646 2306 679 2356 ut
692 2310 761 2375 post
774 2299 853 2356 huuc
867 2317 977 2357 annum
991 2299 1064 2377 poni
1081 2299 1204 2358 omniuo
1225 2319 1285 2358 non
1299 2301 1430 2376 possint,
1450 2312 1540 2362 rents

202 2398 321 2476 possint
335 2398 477 2457 decennio
499 2399 679 2476 etamplius
701 2399 868 2474 anticipari.
902 2399 1028 2459 Femina
1047 2408 1148 2459 autem
1169 2400 1233 2460 eius
1249 2401 1377 2462 nominis
1398 2421 1437 2462 eo
1459 2411 1541 2462 tem·

202 2518 277 2578 pore
298 2508 378 2574 nata,
401 2519 477 2577 quae
497 2508 604 2576 postea
624 2500 656 2559 in
672 2499 795 2560 Oriente
816 2501 854 2559 ad
875 2502 988 2577 regiam
1003 2502 1223 2576 quodammodo
1238 2500 1444 2563 condicionem
1466 2524 1541 2583 per·

204 2600 328 2671 venerit,
350 2602 402 2659 vix
425 2602 516 2659 alium
539 2611 652 2677 patrem
674 2601 784 2659 habere
805 2602 904 2678 potuit
922 2609 1011 2677 atque
1032 2603 1074 2660 M.
1096 2603 1260 2661 Antonium
1281 2602 1441 2663 Illvirum.

288 2703 354 2760 Iam
374 2702 466 2778 igitur
484 2702 643 2761 videndum
665 2709 713 2760 est
733 2702 770 2760 de
791 2702 911 2761 filiabus
933 2704 974 2761 M.
990 2703 1113 2761 Antonii
1128 2704 1285 2776 triumviri,
1307 2723 1378 2763 uum
1401 2706 1444 2764 sit
1456 2696 1542 2766 inter

204 2822 267 2875 eas,
290 2822 367 2879 quae
384 2802 559 2880 Pythodoro
582 2803 691 2861 nubere
712 2804 850 2879 potuerit.
883 2804 1033 2863 Antonius
1055 2814 1144 2863 natus
1166 2823 1190 2862 c.
1206 2824 1234 2863 a.
1249 2826 1278 2864 u.
1293 2823 1319 2864 c.
1335 2805 1392 2864 671
1419 2824 1540 2868 uxores

203 2905 290 2963 duxit
310 2910 453 2979 quattuor
481 2902 606 2961 Fudiam
636 2903 798 2961 Antoniam
821 2903 959 2962 Fulviam
987 2903 1161 2976 Octaviam,
1187 2905 1316 2982 denique
1336 2909 1445 2967 uxoris
1464 2907 1540 2969 loeo

204 3004 308 3062 habuit
330 3002 521 3079 Cleopatram
554 3005 688 3080 reginam
718 3006 859 3081 Aegypti.
901 3004 1028 3064 Liberos
1060 3025 1100 3065 ex
1127 3006 1226 3065 Fadia
1246 3006 1380 3067 sublatos
1400 3008 1540 3071 infantes

204 3104 306 3162 amisit
327 3120 430 3161 omnes
456 3111 525 3161 ante
552 3123 579 3161 a.
601 3103 706 3179 710³).
750 3105 799 3162 Ex
820 3106 944 3182 reliquis
972 3107 1116 3166 uxoribus
1138 3115 1258 3183 praeter
1278 3118 1421 3185 quattuor
1441 3111 1541 3185 tilios,

204 3203 241 3264 de
263 3204 373 3281 quibus
395 3223 454 3262 non
476 3204 624 3280 estquod
645 3222 784 3282 agamus,
810 3205 888 3264 filias
916 3207 1021 3265 habuit
1041 3208 1111 3265 item
1133 3216 1287 3284 quattuor,
1313 3210 1432 3271 scilicet
1455 3230 1539 3288 eam,

204 3324 282 3382 quae
304 3306 456 3383 desponsa
482 3316 529 3364 est
548 3305 665 3382 Lepido
691 3307 839 3364 triumviri
861 3307 922 3365 filio
944 3327 971 3365 a
996 3308 1071 3379 710,
1101 3308 1209 3367 deiude
1235 3309 1310 3370 duas
1331 3328 1370 3370 ex
1391 3310 1539 3388 Octavia,

204 3425 282 3484 quae
303 3416 410 3484 postea
424 3416 590 3484 nupserunt
603 3407 805 3466 Ahenobarbo
827 3417 856 3466 et
870 3408 985 3480 Druso,
1009 3409 1136 3486 denique
1157 3419 1293 3486 quartam
1314 3431 1353 3470 ex
1368 3410 1540 3490 Cleopatra

203 3515 311 3586 postea
335 3527 460 3567 uxorem
482 3507 575 3567 Iubae
595 3510 675 3586 regis
696 3509 909 3568 Mauretaniae.
952 3509 1001 3568 Ex
1022 3510 1069 3568 his
1091 3519 1152 3568 tres
1173 3519 1341 3588 postremas
1362 3522 1539 3591 temporum

203 3611 334 3668 rationes
356 3609 529 3683 excludunt,
556 3628 625 3669 nam
647 3629 714 3668 cum
736 3611 899 3669 Antoniam
920 3629 997 3681 eam,
1022 3629 1113 3687 quam
1134 3614 1316 3688 quaerimus,
1337 3613 1429 3674 modo
1450 3615 1538 3677 vide·

203 3709 295 3769 rimus
317 3719 418 3769 natam
439 3727 507 3769 esse
529 3729 589 3769 non
611 3722 681 3789 post
702 3729 812 3769 annum
837 3711 907 3781 705,
928 3730 989 3770 non
1011 3721 1110 3786 potest
1131 3730 1167 3770 ea
1188 3714 1284 3774 luisse
1302 3714 1438 3775 Antonia
1451 3716 1538 3778 Ahe-

203 3810 329 3869 nobarbi
350 3819 422 3868 nata
436 3829 461 3868 a.
479 3811 539 3869 715
561 3820 590 3869 ct
605 3810 698 3869 multo
713 3812 812 3870 miuus
827 3828 947 3870 sorores
962 3813 1026 3870 eius
1040 3813 1171 3871 minores
1186 3823 1275 3874 natae
1289 3815 1385 3875 altera
1398 3816 1540 3879 Antonia

203 3911 299 3969 Drusi
318 3930 345 3967 a.
362 3909 432 3982 718,
455 3911 549 3969 altera
563 3909 727 3987 Cleopatra
747 3931 775 3970 a.
798 3913 868 3971 719.
905 3911 1067 3971 Praeterea
1087 3914 1193 3972 harum
1215 3917 1348 3976 omnium
1369 3917 1434 3976 vita
1454 3921 1538 3981 satis

203 4018 296 4088 patet,
318 4029 372 4069 nec
393 4010 535 4069 credibile
554 4021 615 4084 est,
641 4013 668 4071 si
689 4029 750 4088 qua
775 4031 879 4071 earum
900 4012 1075 4089 Pythodoro
1100 4015 1266 4093 nupsisset,
1294 4026 1434 4079 auctores
1455 4038 1537 4097 quos

203 4112 347 4171 habemus
369 4128 474 4170 omnes
496 4113 527 4171 id
548 4114 761 4189 praeterituros
782 4114 887 4173 luisse.
931 4111 1012 4187 Quid
1033 4114 1114 4190 quod
1135 4117 1269 4175 Antonia
1289 4120 1386 4178 maior
1406 4120 1538 4181 Aheno·

203 4214 296 4273 barbo
318 4213 417 4272 infans
439 4213 592 4272 etiamtum
613 4230 639 4271 c.
661 4233 688 4272 a.
705 4214 764 4272 717
786 4215 937 4290 desponsa
956 4222 1027 4292 post
1046 4217 1160 4275 obitum
1181 4219 1277 4293 patris
1292 4218 1412 4280 demum
1434 4221 1538 4285 eidem

203 4316 306 4394 nupsit
326 4333 380 4374 nec
393 4315 476 4373 brevi
497 4322 631 4392 tempore
651 4314 683 4374 in
697 4333 734 4374 eo
748 4315 938 4375 matrimonio
952 4318 1128 4392 permansit,
1149 4337 1216 4378 cum
1230 4319 1311 4380 tilius
1332 4336 1374 4382 ex
1390 4337 1427 4381 eo
1441 4332 1538 4391 natus

205 4499 409 4512 0——

206 4593 315 4644 diderim
340 4607 398 4642 eum
417 4601 523 4657 propter
546 4593 659 4658 aliquam
682 4608 795 4656 causam,
819 4595 937 4645 morbum
962 4595 1080 4658 fortasse,
1105 4596 1138 4646 ab
1162 4595 1385 4649 administratione
1403 4608 1538 4653 remotum

203 4692 285 4735 matre
304 4685 363 4733 riva
382 4684 476 4734 obiisse
500 4693 525 4733 et
543 4686 581 4735 ita
599 4679 771 4748 Pythodoridi
789 4702 836 4749 pro
854 4687 909 4736 tilio
928 4694 1049 4751 nepotem
1068 4689 1227 4739 successisse.
1259 4689 1314 4740 Nec
1333 4690 1395 4740 satis
1413 4688 1442 4740 ltl
1462 4690 1535 4743 reta·

203 4783 272 4826 tatur
290 4789 321 4825 eo
341 4774 410 4840 quod
429 4774 482 4825 Dio
501 4774 555 4837 (59,
572 4776 615 4838 12)
635 4777 723 4828 scribit
742 4791 766 4827 a.
781 4777 815 4826 36
830 4777 923 4828 Gaium
943 4778 1045 4828 dedisse
1058 4774 1195 4846 Πολ1μωνι
1212 4776 1246 4843 τῷ
1258 4775 1303 4829 rori
1315 4775 1470 4846 Πολέμωνος
1481 4777 1538 4832 ulad

202 4857 245 4926 τήν
262 4855 374 4934 surprise
393 4854 485 4936 α’ρχῆν,
504 4881 566 4916 nam
584 4874 717 4932 paternum
737 4883 844 4933 regnum
863 4869 939 4920 facile
957 4885 1055 4934 ponere
1073 4872 1157 4936 potuit
1174 4885 1223 4936 pro
1241 4872 1320 4922 avito.

280 4955 303 5018 ¹)
322 4953 447 5023 me'lauqea
465 4956 496 5008 de
514 4958 623 5008 numiam.
643 4974 691 5008 ser.
707 4961 723 5009 2
741 4975 767 5025 p.
783 4960 844 5010 115.

279 5044 303 5106 ²)
323 5044 403 5096 Beitr.
423 5064 468 5097 rur
489 5046 576 5099 Geaoh.
596 5047 641 5099 der
659 5047 759 5116 Krinr'qe
777 5049 822 5101 dea
839 5049 971 5119 Bosporus
988 5068 1014 5117 p.
1029 5050 1063 5103 66
1084 5067 1137 5117 seq.

280 5131 304 5197 ³)
325 5135 415 5188 Cicero
433 5138 546 5205 Philipp.
567 5142 592 5202 2,
613 5143 639 5203 2,
659 5142 685 5192 3.
711 5142 754 5205 13,
777 5144 818 5204 10,
840 5143 889 5208 23,
914 5143 948 5194 ad
966 5145 1022 5195 Att.
1043 5144 1086 5206 16,
1108 5145 1151 5193 11.
