3480 5804
568 551 1026 663 ADDITAMllNTA

439 734 516 815 an
551 733 809 818 CORPORIS
839 734 1096 818 vouvnan
1125 736 1154 816 1.

128 971 222 1033 tosa
242 974 319 1032 cista
340 990 429 1031 aerea
449 975 523 1033 artis
546 975 675 1034 rudioris
697 995 793 1052 nuper
811 977 976 1036 Praeneste
997 985 1124 1051 reperta,
1147 994 1225 1050 quae
1245 992 1323 1033 nunc
1344 982 1462 1050 prostat

172 1074 288 1133 Romae
309 1074 388 1152 apud
410 1076 582 1151 Augustum
605 1075 832 1136 castellaniam.

528 1194 611 1269 (vislc
633 1195 765 1254 tabulam
789 1216 806 1254 e
827 1197 949 1273 regione
970 1216 999 1255 n.
1016 1196 1059 1270 9.)

130 1308 199 1371 Stat
223 1311 313 1369 homo
339 1312 482 1371 loricatus
509 1320 539 1372 et
566 1314 708 1372 barbatus
732 1314 877 1390 (aenas),
907 1317 990 1374 cuius
1019 1316 1127 1372 dextra
1152 1333 1262 1391 equum
1282 1312 1349 1371 loro
1371 1323 1461 1383 tenet,

129 1411 256 1471 sinistra
281 1413 370 1471 hasta
394 1412 539 1472 innititur.
582 1415 633 1473 Ad
659 1434 726 1473 eum
753 1417 869 1474 accedit
892 1416 1068 1474 adulescens
1091 1421 1308 1491 campestratus
1329 1413 1460 1489 (sinos),

128 1512 238 1571 dextra
264 1524 403 1590 porrecta
431 1521 584 1590 tamquam
613 1515 727 1591 aliquid
756 1534 822 1575 cum
849 1535 885 1575 eo
912 1518 1196 1586 communicaturum
1230 1515 1354 1573 sinistra
1380 1522 1462 1573 tenet

127 1612 257 1684 hastam,
280 1614 372 1672 dorso
392 1624 491 1693 gestat
512 1633 625 1693 peram,
647 1634 686 1675 ex
709 1635 768 1693 qua
783 1616 881 1677 arium
897 1616 1066 1693 (anatumi)
1081 1618 1180 1693 capita
1194 1623 1323 1674 exstant.
1359 1616 1461 1692 Prope

119 1724 180 1803 'est
199 1714 375 1773 adulescens
397 1716 556 1791 (oassrel)
578 1717 706 1776 adversa
726 1717 810 1789 facie,
832 1736 852 1777 a
872 1718 958 1776 cuius
973 1718 1083 1777 umeris
1098 1728 1127 1776 ct
1141 1724 1264 1794 petasus
1280 1726 1310 1774 et
1324 1715 1460 1792 chlamys

127 1813 251 1891 pendet3
274 1814 383 1875 dextra
402 1816 489 1875 besta
510 1818 656 1878 innititur.
692 1820 743 1877 Ab
764 1819 802 1879 iis
824 1837 900 1896 quos
923 1820 988 1879 dixi
1010 1835 1133 1877 aversus
1156 1827 1216 1877 stat
1238 1835 1332 1875 senex
1354 1816 1459 1875 calvus

127 1914 290 1989 (Tonnavs
305 1942 342 1967 =
358 1918 565 1994 Tyndareus),
588 1930 705 1995 sceptro
720 1920 854 1993 innixus,
871 1920 977 1980 dextra
991 1926 1128 1997 porrecta
1142 1919 1179 1978 ad
1195 1918 1350 1977 mulierem
1366 1917 1459 1994 pallio

128 2016 269 2076 amictam
291 2036 368 2094 quae
388 2037 484 2095 prope
506 2027 567 2078 stat
588 2040 703 2081 aversa.
740 2020 836 2081 Cuius
857 2039 965 2081 nomen
987 2021 1052 2079 fieri
1073 2028 1174 2097 potest
1191 2028 1224 2078 ut
1237 2019 1369 2096 perierit,
1391 2037 1459 2077 cum

127 2134 181 2175 aes
207 2136 242 2175 eo
267 2117 335 2176 loco
357 2121 548 2179 vehementer
568 2121 609 2179 sit
629 2140 791 2181 corrosum.
836 2122 886 2180 Ad
908 2122 1101 2198 Tyndareum
1124 2132 1225 2179 autem
1247 2121 1345 2179 assilit
1365 2120 1457 2177 canis.

129 2212 273 2293 Sequitur
292 2220 382 2278 homo
404 2221 547 2280 loricatus
568 2240 676 2298 equum
699 2223 764 2280 loro
785 2230 901 2281 tenens.
938 2222 1097 2297 Adscripta
1111 2240 1179 2279 cum
1194 2222 1254 2280 sint
1269 2236 1459 2290 secrovcvs,

127 2328 240 2377 certum
267 2330 314 2379 est
338 2334 402 2379 sacr
424 2322 573 2397 pertinere
595 2322 632 2379 ad
656 2323 820 2394 hominem,
847 2338 944 2381 uvcvs
966 2323 1005 2381 ad
1027 2341 1147 2397 equum.
1191 2321 1368 2380 Postremae
1391 2332 1460 2378 sunt

127 2418 204 2479 dnae
225 2421 365 2481 mulieres
386 2422 485 2480 nudae
507 2422 659 2497 (causina
680 2432 711 2481 et
732 2422 852 2499 learns)
874 2424 954 2482 circa
975 2423 1101 2482 labrum.

169 2520 235 2578 lam
263 2539 329 2581 cum
357 2524 465 2581 cistam
492 2540 690 2598 proponerem
718 2524 749 2581 in
778 2540 923 2582 consessu
950 2523 1083 2582 instituti
1113 2521 1333 2599 archaeologici
1361 2521 1458 2594 (Ball.

128 2620 195 2681 dcll'
216 2622 290 2681 Insa
315 2622 394 2682 1872
416 2643 446 2700 p.
465 2622 554 2698 107),
581 2624 673 2683 statui
699 2644 766 2683 enm
793 2624 845 2700 qui
872 2624 978 2682 cistam
1004 2623 1123 2682 iecisset
1143 2623 1176 2681 in
1197 2621 1308 2680 sabulis
1330 2619 1458 2680 Graecis

126 2740 187 2781 non
208 2722 302 2783 fuisse
322 2730 483 2795 versatum,
507 2724 560 2782 sed
582 2725 736 2801 expressis
758 2725 905 2802 exemplis
927 2725 1001 2784 artis
1017 2722 1151 2785 Graecae
1169 2722 1322 2783 nonnullis
1338 2722 1459 2781 nomina

125 2822 323 2900 adscripsisse
344 2824 383 2884 ad
404 2825 569 2884 arbitrium.

124 2992 213 3057 16Θό
234 2998 388 3074 speculum
410 3008 560 3075 repertum
582 3000 757 3073 Praeneste,
778 3012 861 3061 extat
882 3002 998 3061 Romae
1020 3000 1100 3077 apud
1121 2999 1347 3059 Martinettium.

742 3138 842 3179 irnbsrbts
857 3138 939 3179 saresb

730 3222 789 3261 satta
803 3221 834 3260 ad
846 3225 949 3261 astaram

748 3302 817 3343 asside
830 3312 934 3353 expresso

792 3401 890 3442 tactio

1361 3172 1389 3254 eq-

1084 3358 1160 3406 paeda
1172 3360 1234 3395 stass

1044 3438 1122 3477 dextra
1135 3438 1166 3477 od
1178 3446 1275 3476 amarum

439 3507 516 3557 ,⁸⁴¹⁸ss
530 3504 612 3545 ‘iim‘
740 3502 801 3543 ‘'¹⁹¹“
818 3503 842 3542 ⁶¹⁸
858 3502 940 3552 Μ’·’θ
1051 3518 1183 3570 eltasnydsss
1197 3522 1269 3558 tensas

410 3587 486 3629 rescita
500 3588 641 3637 stuperatem
730 3584 790 3626 sedet
800 3586 876 3636 pastis
889 3584 951 3625 sada
1066 3612 1081 3641 a
1094 3600 1160 3642 gom
1175 3600 1252 3650 anm.

490 3676 562 3710 tenena
745 3673 827 3709 ornata
841 3667 934 3708 armillis
1048 3684 1137 3731 (mum,
1150 3686 1269 3734 mmm

212 3768 311 3810 sauma
482 3768 566 3811 aena
795 3752 886 3810 Casia
1129 3764 1188 3806 ausa

1357 3582 1379 3769 Εειειᾼ
1355 3488 1380 3537 εἰ
1361 3315 1388 3459 quae
1361 3260 1381 3287 ε

563 3873 603 3929 ad
623 3871 698 3929 lotus
718 3890 771 3947 per
793 3872 1009 3948 lonpttudinsm:

304 3986 398 4032 csssra
413 4000 420 4016 ·
438 3988 572 4033 snvcnru
587 4001 593 4016 ·
609 3987 684 4030 sara
700 4001 706 4015 ·
722 3988 799 4030 nun·
817 3988 905 4031 ivaro
921 4001 927 4016 ·
944 3986 1030 4030 sarto
1046 4000 1053 4015 ·
1069 3983 1148 4028 aros
1165 3997 1171 4012 ·
1188 3983 1245 4026 aas
1261 3996 1267 4011 ·

123 4088 278 4169 Descripsi
299 4091 465 4169 diligenter,
487 4109 560 4151 mox
580 4091 741 4170 recognovi
762 4109 830 4150 cum
844 4090 999 4151 Henzeno.
1034 4089 1166 4167 Figurae
1187 4086 1284 4146 adhuc
1301 4085 1396 4144 latent
1409 4101 1450 4143 ex

121 4200 207 4269 parta
233 4193 289 4253 sub
315 4192 466 4271 aerugine.
510 4192 668 4252 Eiusmodi
693 4192 841 4269 picturam
862 4210 923 4251 non
943 4210 982 4249 ex
1004 4190 1116 4248 fabulis
1138 4188 1309 4265 repetitam,
1337 4186 1391 4243 sed
1412 4183 1451 4240 ad

121 4292 220 4370 ipsam
239 4293 332 4353 vitam
352 4293 545 4353 domesticam
566 4292 771 4353 adumbratam
792 4292 824 4351 in
845 4290 975 4368 speculis
996 4289 1096 4349 adhuc
1117 4306 1177 4348 non
1199 4286 1394 4345 habebamus.
1411 4312 1449 4324 -

121 4390 227 4453 Lectio
248 4402 331 4453 certa
351 4403 397 4453 est
417 4394 567 4466 universa,
589 4393 648 4452 nisi
669 4391 750 4468 quod
770 4392 802 4451 in
823 4392 1016 4470 inscriptione
1039 4391 1077 4449 ad
1094 4390 1173 4448 latus
1188 4387 1289 4465 posita
1302 4383 1382 4444 tertii
1397 4400 1449 4441 vo·

122 4494 221 4553 cabuli
245 4495 375 4571 primum
399 4495 578 4553 elementum
600 4502 653 4551 aut
673 4502 720 4551 est
740 4502 775 4552 ut
794 4492 863 4552 dedi
884 4500 938 4551 aut
958 4493 1001 4550 sic
1023 4507 1051 4562 ις
1077 4490 1149 4550 item
1170 4487 1289 4563 septimi
1311 4481 1447 4543 vocabuli

122 4595 286 4655 secandum
307 4596 487 4655 elementum
509 4604 562 4653 aut
582 4608 602 4652 τ
624 4602 671 4652 est
692 4603 745 4652 aut
765 4610 784 4652 1.

122 4765 210 4829 soso
234 4769 272 4827 In
298 4769 388 4840 cista,
411 4785 500 4845 quam
527 4784 620 4844 supra
639 4785 670 4844 p.
687 4764 726 4823 14
747 4763 843 4835 edidi,
867 4769 974 4842 postea
994 4763 1083 4823 etiam
1105 4765 1143 4823 ad
1164 4762 1289 4839 figuram
1308 4756 1451 4818 Herculis

163 4886 272 4929 nomen
293 4869 477 4948 adscriptum
498 4868 555 4927 sub
576 4867 719 4943 aerugine
739 4864 852 4943 prodiit
872 4865 917 4923 sic
937 4848 1081 4963 lienosi.

206 4986 331 5049 Romae.
1202 4981 1248 5039 W.
1272 4979 1406 5039 Hassis.

585 5118 990 5129 --w

1188 5154 1223 5211 ll
