3480 5804
567 453 616 502 nu
631 452 843 504 runuuuc'ro
861 453 1090 505 uns'ruonvnr.
1443 439 1489 509 91

70 631 74 635 ’
162 641 286 701 praeses
319 623 492 698 provlnciae
522 629 553 681 et
584 624 702 700 legatus
733 625 879 700 legionis,
911 625 1080 702 praefectus
1107 626 1242 702 Aegypti
1270 635 1299 684 et
1325 628 1494 705 praefectus

159 728 328 784 'castrorum
348 724 526 794 referuntur,
552 731 585 782 ut
606 725 666 783 iam
687 725 717 783 in
739 726 879 803 Aegypto
901 736 1066 784 castrorum
1086 726 1268 803 praefectum
1290 727 1380 805 legati
1401 731 1493 808 legio-

163 827 239 885 narii
261 827 329 884 loco
350 825 445 884 inisse
467 832 594 884 constet.
632 825 680 884 lla
700 836 747 884 est
768 844 871 898 causa,
892 827 996 885 curin
1018 828 1146 887 consilio
1168 828 1206 886 ab
1227 829 1407 906 imperatore
1422 831 1494 889 Tito

163 926 384 1002 Hierosolymis
416 926 597 1002 expugnatis
630 935 794 985 convocato
825 927 903 986 inter
933 920 1175 1010 κορυφαιοτάτους
1203 928 1293 987 duces
1319 930 1494 1007 legatosque

162 1027 316 1104 legionum
343 1038 590 1085 commemoretur
611 1026 763 1086 Liternina
784 1025 900 1086 Fronto
926 1020 1183 1112 στρατοπεδιῖρχης
1203 1031 1258 1086 τῶν
1278 1025 1328 1087 ‹in’
1348 1026 1494 1113 Ἀλεξαν-

164 1119 258 1209 δρεῖοω
279 1117 331 1184 du'o
352 1118 510 1203 ταγμάτων
520 1127 559 1202 ¹).

246 1227 312 1286 Iam
339 1229 478 1287 edendas
505 1228 596 1286 uelim
623 1228 720 1304 ipsam
746 1247 807 1304 qua
834 1229 1003 1304 praefectus
1030 1239 1197 1289 castrorum
1220 1233 1252 1290 in
1279 1233 1376 1293 titulis
1403 1252 1495 1311 supra

164 1328 330 1405 propositis
356 1337 475 1387 notetur
501 1328 657 1387 rationem.
700 1329 840 1388 Invenies
865 1329 944 1388 euim
970 1349 1039 1390 eum
1066 1330 1154 1390 modo
1179 1334 1361 1408 praefectum
1383 1344 1493 1394 castro·

163 1448 230 1487 rum
257 1428 417 1505 appellari,
445 1429 506 1487 alia
531 1439 604 1488 nota
629 1429 852 1489 adiecta-nulla
872 1430 916 1506 (n.
933 1431 961 1490 7.
978 1432 1005 1490 8.
1022 1431 1051 1490 9.
1069 1433 1116 1490 11.
1136 1432 1376 1510 12.13.38)²)‚
1403 1436 1493 1495 modo

163 1529 347 1604 praelectum
369 1537 534 1589 castrorum
556 1530 685 1606 legionis
707 1531 833 1590 alicuius
855 1530 898 1607 (u.
917 1533 964 1591 10.
981 1531 1031 1590 25.
1047 1531 1097 1590 20.
1114 1530 1163 1590 27.
1179 1531 1229 1594 29.
1246 1535 1294 1593 30.
1312 1536 1361 1594 31.
1377 1535 1426 1594 32.
1444 1538 1492 1595 33.

166 1631 215 1688 34.
238 1629 288 1688 37.
309 1630 374 1705 47).
423 1627 483 1704 Qui
510 1637 611 1689 autern
636 1631 717 1689 norit
743 1640 885 1690 constans
914 1632 972 1691 sibi
999 1633 1180 1709 omninoque
1204 1634 1298 1692 lixum
1325 1635 1495 1712 inscriptio·¹

164 1748 235 1788 uum
256 1730 553 1801 latinarumdicendi
575 1749 681 1807 genus,
702 1732 729 1790 is
752 1733 810 1791 hoc
831 1732 990 1791 discrimen
1012 1750 1084 1791 saue
1106 1733 1192 1810 parvi
1214 1753 1274 1792 non
1289 1736 1387 1808 saciet,
1409 1757 1495 1813 prae-

164 1830 267 1890 sertim
301 1851 368 1890 cum
397 1831 505 1890 viderit
532 1833 700 1909 praefectos
730 1841 896 1891 castrorum
924 1833 1053 1910 legionis
1081 1835 1202 1892 nomine
1229 1846 1365 1895 carentes
1392 1857 1496 1898 omnes

164 1931 313 2007 pertinere
341 1933 382 1990 ad
408 1933 522 1992 saeculi
550 1933 640 2008 primi
669 1941 784 2009 partem
812 1935 959 2010 priorem,
991 1942 1096 1993 contra
1122 1935 1292 2010 praefectos
1320 1948 1495 2012 castrorum,

164 2032 274 2106 quibus
301 2033 448 2091 adiciatur
474 2033 603 2111 legionis
624 2052 749 2105 nomen,
775 2051 880 2092 omnes
901 2052 970 2093 esse
991 2035 1103 2094 saeculi
1124 2037 1245 2095 secundi
1267 2049 1385 2112 praeter
1406 2060 1495 2098 unnnr

165 2129 203 2191 L.
224 2132 366 2192 Flavium
385 2134 537 2193 Iulianum
558 2133 601 2210 (u.
620 2135 682 2210 10),
704 2135 875 2194 coniectura
895 2154 914 2193 a
935 2135 1102 2213 Borgbeaio
1123 2139 1215 2196 aetati
1237 2136 1421 2199 Claudianae
1443 2141 1496 2199 tri·

165 2232 278 2292 butum.
319 2233 369 2293 Ex
391 2234 459 2311 ipso
482 2242 580 2294 autem
601 2236 754 2294 titulorum
775 2236 896 2295 illorum
918 2237 1026 2294 aetatis
1048 2237 1219 2296 discrimine
1240 2240 1401 2299 notationis
1423 2259 1496 2319 quo-

164 2351 225 2408 que
247 2333 408 2395 discrimen
430 2335 559 2395 fortasse
581 2337 650 2412 quis
666 2336 811 2411 explicet3
834 2346 882 2395 est
896 2337 974 2394 enim
990 2337 1189 2411 notissimum,
1211 2340 1309 2399 solere
1323 2341 1385 2399 fere
1399 2350 1496 2401 aetate

165 2434 336 2511 antiquiore
354 2436 386 2495 in
407 2437 514 2514 legatis
537 2437 698 2512 praelectis
721 2438 849 2496 tribunis
871 2438 1067 2514 praetermitti
1089 2439 1259 2514 copiarum,
1280 2441 1389 2515 quibus
1410 2462 1496 2518 prae·

166 2534 285 2608 inerint,
306 2537 437 2596 uomina.
472 2537 508 2596 Id
523 2538 575 2614 qui
589 2537 702 2610 fecerit,
716 2547 796 2596 recte
810 2538 913 2596 fecerit
926 2539 957 2597 in
972 2539 1067 2598 titulis
1089 2558 1118 2596 n.
1135 2540 1163 2597 7.
1179 2540 1208 2598 9.
1228 2541 1274 2598 ll.
1294 2543 1341 2599 13.
1357 2542 1407 2613 38,
1428 2563 1496 2603 cum

165 2635 198 2695 in
223 2635 261 2697 iis
285 2656 323 2697 ne
348 2639 473 2715 reliquis
499 2639 620 2715 quidem
645 2637 752 2696 officiis
774 2637 902 2716 legionis
922 2648 995 2697 nota
1015 2639 1158 2710 addatur3
1185 2648 1217 2697 at
1237 2658 1395 2718 perperam
1416 2644 1495 2703 idem

166 2737 204 2794 de
229 2738 326 2797 titulis
352 2739 416 2799 n.8
437 2749 467 2798 et
488 2739 525 2798 12
548 2739 720 2798 contendet:
748 2758 819 2828 nam
841 2739 873 2797 in
895 2739 959 2799 n.8
982 2739 1097 2799 duobus
1123 2740 1340 2814 tribunatibus,
1362 2764 1391 2802 n.
1407 2744 1443 2802 12
1465 2755 1497 2806 et

166 2839 385 2899 centurionatui
407 2850 438 2899 et
458 2840 623 2898 tribunatui
644 2841 772 2916 legionis
794 2858 902 2900 nomen
925 2841 1104 2919 adiungitur.

250 2939 361 2999 Veram
383 2941 472 3000 huius
493 2941 537 2998 rei
558 2941 788 3018 explicationem
809 2959 846 2998 ea
867 2942 1075 3017 suppeditant,
1102 2960 1182 3018 quae
1203 2943 1241 3001 ab
1264 2946 1437 3005 auctoribus
1458 2948 1496 3006 de

166 3040 357 3116 praefectura
376 3051 544 3101 castrorum
565 3043 731 3101 traduntur.
767 3041 843 3100 Inde
865 3043 944 3101 euim
966 3043 1094 3119 primum
1116 3043 1173 3102 boc
1189 3045 1323 3118 discitur,
1344 3047 1496 3124 haudqua-

165 3159 257 3216 quam
283 3142 443 3219 unicuique
469 3141 579 3221 legioni
606 3143 729 3201 saeculo
754 3142 851 3218 primo
878 3161 965 3202 suum
990 3143 1086 3203 fuisse
1112 3145 1297 3220 praefectum
1319 3155 1495 3221 castrorum,

167 3241 222 3302 sed
250 3243 377 3302 eundem
406 3261 496 3320 saepe
523 3242 628 3302 eodem
656 3251 790 3320 tempore
818 3244 954 3320 pluribus
979 3244 1161 3322 praefuisse3
1189 3247 1246 3304 huc
1272 3247 1350 3306 enirn
1379 3266 1497 3326 semper

167 3342 290 3416 accidit,
318 3345 344 3402 si
369 3344 477 3403 iisdem
499 3344 608 3403 castris
629 3344 688 3402 duo
712 3345 760 3402 vel
780 3345 881 3420 plures
903 3344 1037 3420 legiones
1058 3345 1252 3404 habebantur.
1295 3347 1344 3406 Ita
1364 3349 1395 3406 in
1418 3351 1496 3408 sedi·

167 3443 248 3502 tione
267 3444 420 3521 legionum
436 3444 676 3503 Pannonicaruur
698 3444 741 3520 (u.
758 3443 790 3518 6)
812 3443 946 3522 legiones
961 3444 1038 3502 VIII
1052 3447 1231 3523 Augustam,
1253 3447 1301 3505 IX
1317 3447 1495 3524 Hispanam,

167 3543 229 3603 XV
251 3545 476 3622 Apollinarem,
503 3564 581 3622 quae
608 3544 716 3603 iisdem
744 3543 834 3602 simul
860 3545 968 3603 eastris
995 3546 1119 3604 aestivis
1145 3547 1348 3619 habebantur,
1372 3549 1496 3609 Tacitus

167 3654 271 3705 narrat
290 3647 329 3705 ab
351 3646 445 3706 exitio
465 3646 556 3723 legati
578 3647 659 3704 haud
681 3645 806 3704 multum
828 3645 977 3705 abluisse:
1007 3646 1133 3706 tabanos
1155 3657 1247 3706 tumeo
1268 3668 1303 3707 ac
1319 3653 1496 3726 praesectum

245 3891 270 3954 ¹)
297 3892 339 3944 Dc
363 3909 470 3944 numero
492 3895 680 3959 praefectorum
701 3901 841 3944 castrorum
860 3895 975 3961 Aegypti
994 3895 1056 3961 quid
1074 3896 1236 3946 statuendum
1256 3897 1304 3959 rit,
1327 3912 1361 3948 ex
1380 3899 1412 3948 iis
1430 3914 1496 3964 quae

168 3984 237 4034 inira
256 3984 403 4036 docebimus
422 3986 565 4051 apparebit.
602 3985 661 4048 Quo
682 3992 797 4051 tempore
817 3986 905 4036 titulus
923 4003 949 4036 u.
964 3988 999 4037 24
1017 3988 1115 4052 positus
1135 3995 1186 4050 est,
1212 3988 1240 4038 in
1259 3989 1380 4053 Aegypto
1398 3997 1428 4040 ut
1445 4006 1496 4040 una

169 4061 237 4140 legio
261 4075 413 4142 singulaque
437 4084 521 4127 castra
543 4077 686 4142 legionaris
708 4078 745 4126 ita
768 4093 833 4127 uuus
857 4086 998 4128 cmtrorum
1021 4079 1166 4142 praefectus
1191 4087 1246 4128 erat
1264 4082 1361 4130 scilicet
1379 4082 1495 4139 Alexan-

169 4166 274 4230 drinus;
293 4168 376 4233 primo
396 4168 499 4219 saeequ
519 4183 570 4233 quo
589 4169 698 4218 diversis
716 4169 806 4219 castris
824 4169 968 4233 complures
986 4169 1022 4217 ibi
1040 4169 1201 4220 habebantur
1212 4171 1326 4234 legiones
1346 4170 1450 4232 (Strabo
1463 4174 1494 4221 17

169 4273 195 4322 p.
209 4259 271 4309 797.
288 4260 341 4310 807
352 4258 383 4320 C)
403 4266 465 4325 quot
484 4267 569 4311 cntra
586 4267 626 4310 tot
643 4259 766 4324 praefecti
785 4267 871 4323 erant;
891 4274 960 4309 anrro
976 4261 1010 4309 70
1032 4259 1087 4309 sine
1107 4261 1186 4310 dnbio
1204 4260 1256 4309 duo
1276 4267 1362 4323 erant,
1388 4276 1496 4325 quorum

169 4349 236 4399 alter
262 4357 300 4400 cst
318 4351 448 4401 Liternina
465 4351 577 4413 Fronto,
602 4351 764 4416 praepositus
786 4351 947 4400 vexillationi
973 4351 1102 4414 legionum
1122 4351 1163 4401 111
1182 4350 1340 4415 Cyrenaicae
1364 4357 1391 4401 et
1413 4352 1496 4403 xxlt

169 4438 356 4491 Deiotariauac
374 4442 401 4492 iu
419 4443 544 4492 Iudaeam
562 4443 655 4492 missae
674 4442 706 4492 cf.
725 4457 804 4507 supra
820 4457 846 4506 p.
861 4443 896 4493 84
905 4457 942 4507 sq.
962 4456 988 4491 n.
1002 4443 1046 4491 21.

246 4527 272 4592 ¹)
300 4532 402 4583 Titulos
425 4549 451 4584 u.
466 4536 509 4584 22.
528 4535 572 4585 24.
592 4535 635 4583 28.
656 4533 701 4584 35.
722 4533 757 4583 46
781 4547 834 4582 uon
858 4533 946 4594 citavi,
977 4547 1035 4582 cum
1058 4532 1086 4582 in
1109 4531 1157 4580 hac
1177 4533 1326 4596 quaestione
1344 4531 1450 4581 omnino
1469 4533 1496 4582 in

171 4622 310 4673 discrimen
328 4639 381 4674 non
399 4626 516 4686 veniant,
540 4626 567 4675 iu
586 4625 660 4674 titulo
680 4640 705 4673 n.
720 4625 754 4672 22
773 4623 921 4673 Memnonis
940 4630 1038 4672 statuas
1057 4622 1180 4686 inscripto
1199 4628 1226 4670 ct
1243 4623 1271 4671 in
1289 4622 1402 4671 carmine
1420 4638 1446 4672 u.
1461 4623 1496 4673 35

171 4713 198 4763 id
220 4721 337 4779 apertum
360 4723 412 4776 est,
437 4716 482 4766 sed
505 4716 534 4765 in
557 4716 637 4764 titulis
661 4729 762 4778 quoque
785 4730 812 4764 n.
830 4715 866 4765 48
891 4713 1087 4775 (cornicularius
1111 4709 1222 4762 Castrict'
1245 4710 1352 4761 Proculi
1370 4711 1498 4778 muefccti

171 4806 319 4866 rostrorum)
344 4813 370 4856 et
392 4822 418 4856 n.
433 4808 466 4857 28
492 4803 666 4871 <Nepotianus
684 4804 770 4871 praej.
795 4810 857 4854 cest.
876 4821 931 4854 eam
950 4801 1074 4853 Marcello
1094 4809 1139 4853 cet.
1153 4788 1382 4868 filiisdcdc'ccuit)
1402 4804 1497 4856 omissa

171 4897 239 4960 legio
258 4897 323 4946 nihil
342 4897 447 4946 haberet
465 4897 628 4958 offensionis,
653 4897 700 4945 etsi
719 4903 848 4946 constaret
864 4903 890 4946 et
908 4895 1046 4946 Proculum
1065 4899 1090 4944 et
1109 4894 1283 4958 Nepotianum
1302 4897 1405 4960 proprie
1421 4911 1496 4962 prac-

164 4986 250 5051 sectoc
273 4993 412 5039 corborum
436 4988 543 5054 Iepiooe's
567 4988 637 5038 iilius
660 4988 743 5038 dictos
767 4987 854 5038 fuisse.
892 4987 947 5038 Nee
971 4987 998 5036 in
1022 5001 1048 5037 n.
1062 4987 1097 5036 24
1121 4999 1153 5035 ex
1178 5000 1225 5036 usu
1245 4985 1410 5052 epigrapbicu
1430 4987 1497 5053 legio

172 5078 341 5131 desideratur.
