3480 5804
624 477 922 534 osssnvlrronns
941 478 1058 532 arten.
1077 479 1111 529 v.
1457 460 1527 531 127

202 653 404 726 Maximinum
426 653 564 712 illaesum
585 652 729 712 remansit
743 670 804 710 una
818 669 884 709 cum
900 649 1013 709 chloro
1028 651 1059 708 in
1074 652 1218 711 Africano
1234 672 1263 710 n.
1278 654 1325 727 ll,
1347 655 1398 714 ubi
1413 656 1531 715 sublata

203 766 275 817 sunt
295 755 417 814 nomina
438 761 499 812 tam
521 753 705 813 Diocletiani
727 759 757 811 et
778 752 954 812 Maximiani
976 771 1066 829 quam
1088 751 1193 815 Severi
1215 762 1245 813 et
1258 755 1427 830 Maximini,
1447 768 1478 817 et
1498 760 1529 818 in

202 857 341 934 Hispano
361 876 392 915 n.
409 856 442 929 8,
469 858 521 916 ubi
550 855 654 915 excisa
675 861 746 914 sunt
765 854 888 912 nomina
909 853 1089 914 Diocletiani
1111 864 1140 913 et
1160 856 1346 916 Maximiani.
1390 858 1530 936 Denique

203 957 306 1021 Severi
321 965 352 1018 et
366 958 524 1017 Maximini
545 956 668 1016 nomina
687 957 840 1034 perierunt
859 955 891 1013 in
912 955 1008 1014 titulis
1030 957 1148 1016 duobus
1166 959 1280 1016 urbano
1301 979 1330 1018 ιι.
1346 961 1380 1017 ll
1405 968 1435 1020 et
1452 963 1530 1020 Afri·

203 1077 280 1119 cano
301 1079 331 1119 n.
349 1058 397 1117 12.

214 1164 217 1169 '
285 1161 384 1220 Erana
410 1166 481 1219 sunt
506 1159 629 1219 nomina
654 1177 692 1218 ea
712 1157 750 1216 de
775 1158 882 1234 quibus
909 1158 1026 1237 agimus
1052 1159 1083 1218 in
1110 1158 1256 1220 Numidia
1275 1162 1530 1242 Mauretaniisquc

203 1278 263 1321 non
290 1270 359 1320 ante
384 1282 411 1320 a.
432 1262 509 1333 3053
539 1280 608 1320 nam
637 1278 746 1319 rasura
772 1260 908 1336 pervenit
932 1279 993 1318 non
1020 1260 1117 1320 solum
1144 1262 1183 1320 ad
1203 1264 1323 1322 titulum
1351 1267 1421 1325 ιι.9
1449 1267 1530 1326 dedi·

202 1370 303 1422 catum
324 1382 352 1422 a
368 1364 428 1423 303
450 1370 594 1434 exeunte,
620 1361 675 1421 sed
696 1362 786 1420 etiam
807 1361 846 1419 ad
867 1361 995 1420 alteram
1015 1382 1045 1420 n.
1063 1363 1115 1436 ll,
1141 1381 1230 1440 quem
1251 1374 1377 1442 apparet
1397 1369 1529 1445 positum

202 1481 269 1523 esse
298 1474 371 1542 post
399 1464 617 1522 abdicationem
649 1463 799 1521 seniorum
826 1462 1032 1538 Augustorum
1059 1470 1090 1522 et
1117 1465 1296 1525 creationem
1323 1468 1530 1543 Augustorum

202 1563 375 1625 Constantii
395 1573 426 1624 et
447 1564 576 1637 Galerii,
599 1562 763 1623 Caesarum
786 1560 891 1623 Severi
912 1570 943 1621 et
963 1564 1135 1637 Maximini,
1161 1584 1238 1642 qnae
1260 1568 1339 1628 iacta
1359 1578 1406 1629 est
1426 1590 1453 1629 a.
1469 1572 1528 1630 305

202 1667 233 1725 k.
256 1667 353 1744 April.
367 1700 410 1710 —
437 1667 472 1726 ln
492 1667 566 1725 urbe
587 1666 667 1724 idem
688 1664 797 1723 accidit
817 1674 896 1723 certe
917 1676 977 1722 non
999 1666 1148 1725 anteriore
1169 1677 1315 1745 tempore;
1336 1688 1404 1729 nam
1427 1672 1530 1731 titulus

203 1767 301 1839 n.10,
326 1769 378 1843 qui
406 1768 524 1827 lituram
549 1783 712 1845 perpessus
738 1773 800 1839 est,
831 1765 986 1825 dedicatus
1012 1774 1059 1825 est
1085 1787 1112 1826 a.
1127 1767 1188 1827 305
1209 1771 1258 1828 vel
1278 1771 1348 1829 ³06.
1393 1772 1531 1850 Denique

204 1866 343 1928 Gallicus
363 1889 393 1928 n.
411 1867 448 1926 12
471 1869 609 1928 similiter
630 1885 735 1926 erasus
756 1867 873 1943 positus
894 1876 942 1926 est
961 1868 1040 1926 inter
1060 1887 1087 1926 a.
1104 1869 1165 1928 306
1180 1877 1210 1929 et
1225 1870 1295 1930 308.

287 1968 389 2029 Causa
403 1971 509 2029 harum
523 1971 680 2029 liturarum
695 1986 843 2045 quaenam
857 1967 956 2039 faerit,
974 1969 1176 2045 quaerendum
1192 1981 1337 2049 superest.
1372 1973 1531 2035 Renierins

202 2071 284 2146 quod
304 2071 432 2131 coniecit
453 2071 487 2148 (l.
502 2090 529 2129 c.
550 2070 588 2129 ad
609 2088 638 2129 n.
655 2071 689 2145 9)
711 2088 770 2127 non
792 2070 970 2128 anctoritate
991 2071 1113 2146 publica
1134 2073 1255 2131 nomina
1275 2074 1328 2132 illa
1342 2075 1440 2135 deleta
1455 2095 1531 2150 esse,

204 2173 258 2231 sed
280 2172 348 2230 odio
370 2170 613 2231 Christianorum
634 2172 715 2248 quod
736 2178 806 2248 post
826 2167 1015 2229 Constantini
1038 2171 1194 2231 uictoriam
1216 2174 1247 2231 in
1269 2175 1374 2235 Africa
1393 2179 1533 2237 efferbuit

202 2279 307 2332 contra
331 2273 487 2350 religionis
509 2271 650 2347 antiquae
671 2278 836 2330 sectatores
858 2278 888 2329 et
907 2273 1035 2330 recentis
1056 2281 1277 2348 persecutores,
1299 2285 1379 2336 recte
1400 2278 1531 2337 Rossius

202 2373 319 2446 reiecit;
343 2375 457 2433 nullam
479 2375 558 2433 enim
579 2372 717 2432 novimus
739 2371 888 2431 eiusmodi
908 2373 1069 2431 memoriae
1091 2373 1313 2434 damnationem
1334 2379 1392 2436 nisi
1413 2380 1532 2456 publice

202 2474 315 2533 iussam
340 2493 438 2553 neque
463 2473 618 2551 probabile
646 2479 694 2532 est
719 2472 818 2531 simile
843 2472 959 2531 lacinus
984 2473 1086 2550 pertici
1108 2475 1243 2549 potuisse
1263 2477 1382 2552 privato
1404 2481 1532 2539 consilio

203 2572 455 2635 Christianorum.
497 2574 565 2654 ligo
592 2574 673 2651 quod
694 2573 840 2651 pmposui
861 2573 981 2632 titulum
1004 2571 1257 2650 Ostipponensem
1280 2577 1425 2637 adnotans
1448 2581 1532 2640 abdi-

202 2676 349 2735 cationem
375 2675 557 2736 Diocletiani
586 2682 616 2734 et
641 2674 819 2734 Maximiani
851 2675 883 2732 in
909 2675 956 2733 his
982 2675 1119 2752 partibus
1144 2676 1318 2753 longinquis
1345 2680 1389 2736 ita
1414 2699 1531 2756 percre-

201 2777 320 2851 buisse,
346 2787 381 2837 nt
400 2777 431 2835 ri
457 2776 587 2854 depositi
612 2777 708 2853 magis
730 2776 921 2836 crederentur
941 2794 1031 2851 quarn
1054 2776 1182 2836 honesta
1203 2781 1304 2855 specie
1324 2782 1446 2853 remoti,
1471 2784 1531 2842 iam

202 2878 345 2956 intellego
371 2878 496 2937 refutari
523 2879 659 2937 erasione
685 2877 838 2936 nominum
860 2875 976 2937 Galerii
1002 2874 1107 2937 Severi
1127 2879 1300 2952 Maximini,
1325 2900 1414 2956 quam
1441 2885 1532 2942 sinml

203 2979 312 3038 factam
337 2996 406 3039 esse
427 2997 515 3038 nemo
536 2978 624 3037 iacile
644 2979 774 3054 negabit.
818 2975 898 3037 Sane
920 2977 1055 3039 Herculii
1076 2998 1184 3038 nomen
1206 2999 1258 3040 cur
1279 2982 1419 3042 abrasum
1442 2985 1482 3043 sit
1503 2993 1534 3044 et

205 3090 311 3159 sponte
337 3087 421 3157 patet
447 3088 478 3138 et
503 3087 605 3138 narrat
632 3066 808 3138 Lactantius
837 3078 874 3138 de
902 3088 989 3138 mort.
1019 3097 1134 3157 perseo.
1161 3098 1186 3139 c.
1208 3079 1262 3139 42:
1292 3085 1386 3142 eodem
1413 3095 1533 3161 tempore

203 3181 333 3257 (seilicet
359 3190 427 3257 post
449 3181 570 3240 caedem
591 3180 766 3239 Maximiani
789 3180 916 3239 senioris
938 3200 965 3239 a.
981 3201 1010 3258 p.
1027 3179 1061 3240 C.
1077 3180 1153 3257 310)
1179 3186 1255 3241 senis
1277 3183 1454 3244 Matinium·
1474 3197 1533 3246 sta·

204 3294 269 3342 tuae
286 3283 466 3343 Constantini
485 3286 566 3340 insen
586 3282 792 3340 revellebantur
813 3290 841 3339 et
859 3285 1005 3357 inopinos,
1028 3282 1194 3358 ubicunqne
1215 3282 1293 3357 (eod.
1315 3288 1533 3360 inopinantem

204 3383 275 3461 qno)
293 3386 389 3459 piem
411 3386 491 3455 esset,
513 3383 749 3442 detrahebantur:
770 3391 797 3440 et
812 3385 882 3458 qaia
896 3401 974 3440 senes
990 3382 1071 3439 ambo
1085 3383 1171 3441 simul
1179 3383 1346 3458 pleramque
1355 3390 1428 3461 picti
1442 3396 1533 3458 erant,

203 3493 231 3542 et
242 3487 382 3561 imagines
395 3483 481 3542 nimai
494 3484 706 3560 deponebantur
718 3483 871 3540 ambarum.
897 3481 1000 3557 Itaque
1014 3480 1119 3557 (immo
1131 3484 1230 3560 idque)
1245 3502 1307 3541 eam
1321 3487 1428 3544 vidant
1443 3486 1532 3560 (Dio-

202 3584 363 3663 cletianns)
382 3588 476 3655 ιιίιιιιι,
498 3587 578 3661 qaod
592 3585 667 3643 nulli
679 3602 813 3661 nmquam
826 3586 1028 3659 imperatorum
1042 3584 1194 3654 αιιίᾱειαι,
1215 3586 1389 3643 moriendum
1403 3587 1458 3645 aidi
1472 3606 1532 3647 ease

203 3687 334 3746 decrevit.
367 3685 468 3744 Etiam
482 3684 633 3745 Eusebius
649 3685 693 3745 sic
707 3685 812 3744 scribit
822 3683 866 3760 1)ι
883 3672 993 3767 πρώτου
1008 3673 1107 3741 τούτου
1124 3684 1327 3760 (Maximiani)
1343 3677 1453 3747 tricini
1468 3691 1534 3766 τιμῇ

204 3780 325 3870 γραφὰς
347 3777 517 3871 ἀνδριάντας
542 3808 573 3844 τε
597 3776 646 3845 nai
667 3779 724 3843 ira
746 3787 864 3842 τοιαῦτα
885 3780 932 3841 ia'
953 3775 1093 3842 ἆναὲἒτιι
1115 3777 1270 3854 vendam-ras
1292 3782 1330 3847 nis
1351 3779 1463 3845 riverias
1485 3779 1533 3846 uni

205 3880 445 3955 dnanlirrniroo
471 3880 628 3971 καθῄρουν.
671 3888 714 3946 At
741 3884 779 3946 ad
799 3886 962 3945 Africanos
985 3887 1088 3945 titulos
1110 3888 1231 3963 proprie
1252 3888 1327 3946 haec
1347 3906 1408 3948 non
1429 3909 1533 3966 perve-

204 3990 305 4063 niunt;
326 4007 362 4048 eo
383 3989 463 4048 enim
483 3996 616 4067 tempore
637 4008 697 4066 quo
712 3986 929 4048 Constantinus
944 3987 1121 4046 Maximiani
1144 3988 1273 4048 senioris
1296 3997 1412 4050 statuas
1429 3992 1534 4050 revelli

204 4089 303 4163 iussit,
325 4089 430 4150 Africa
450 4109 511 4148 non
532 4090 592 4167 ipsi
613 4092 746 4166 parebat,
769 4089 823 4147 sed
845 4096 897 4147 aut
917 4089 1073 4147 Maxentio
1093 4097 1145 4146 aut
1161 4090 1338 4149 Alexandro
1361 4091 1488 4166 (Zosim.
1503 4091 1533 4164 2,

209 4190 257 4250 12.
279 4193 327 4250 13.
348 4190 411 4266 14).
454 4190 554 4250 Huius
581 4192 676 4269 ipsius
704 4189 872 4249 Alexandri
898 4191 984 4247 iussu
1010 4189 1192 4247 Diocletiani
1219 4190 1394 4249 Maximiani
1417 4188 1535 4250 Galerii

206 4299 321 4351 statuas
347 4293 483 4351 sublatas
509 4310 578 4352 esse
604 4292 712 4351 conicit
739 4291 884 4362 Rossius,
917 4289 1021 4350 Chlori
1043 4290 1165 4347 relictas
1192 4299 1294 4366 utpote
1321 4300 1389 4349 ante
1416 4291 1534 4349 mortui.

207 4390 267 4454 Sed
289 4412 349 4452 non
371 4393 445 4452 satis
466 4393 658 4469 intellegitur,
680 4411 770 4468 quam
793 4392 831 4450 ob
853 4410 914 4449 rem
930 4391 1104 4449 Alexander
1124 4400 1184 4448 tam
1207 4391 1325 4449 infenso
1346 4391 1446 4449 animo
1468 4410 1535 4467 per-

206 4503 327 4553 secutus
354 4495 394 4552 sit
414 4495 610 4569 imperatores
631 4511 700 4564 eos,
727 4493 778 4568 qui
801 4502 853 4551 aut
874 4510 1000 4568 regnare
1022 4492 1183 4551 desiissent
1204 4497 1257 4549 aut
1278 4499 1357 4550 certe
1378 4510 1445 4548 cum
1468 4492 1534 4566 ipso

205 4615 269 4654 rem
295 4614 355 4654 non
377 4595 529 4653 haberent.
573 4593 674 4668 Quare
693 4595 790 4670 magis
812 4594 988 4653 crediderim
1011 4602 1177 4652 statuarum
1199 4612 1302 4650 earum
1323 4612 1378 4670 per
1398 4592 1532 4650 Africam

284 4845 308 4908 ¹)
336 4847 404 4897 llist.
423 4847 513 4897 eccles.
534 4849 559 4908 8,
576 4848 609 4897 13
634 4846 776 4911 iisdemque
799 4847 855 4899 iere
873 4847 957 4896 verbis
982 4845 1027 4895 rit.
1046 4844 1136 4895 Oonst.
1158 4846 1181 4906 1,
1196 4845 1240 4895 47.
1279 4842 1423 4894 confundit
1446 4848 1536 4891 anctm

206 4938 324 5002 imperite
347 4938 537 4988 Maximianum
559 4938 687 4988 seniorem
711 4944 737 4986 st
757 4936 934 4987 Maximinum·
952 4935 1067 4998 Danaum
1093 4935 1139 4985 sed
1163 4934 1197 4986 ad
1219 4935 1291 4984 illam
1316 4934 1445 5000 pertinere
1470 4948 1536 4997 quae

206 5034 344 5079 narrantur
362 5029 424 5079 satia
442 5036 550 5080 constat.
588 5028 687 5079 Eadem
702 5028 830 5081 Liciniam
848 5028 940 5081 leobae
957 5026 984 5081 lu
1002 5027 1119 5093 partibus
1136 5024 1252 5079 Orientis
1270 5026 1371 5078 devicto
1390 5025 1535 5077 Maximino

206 5116 263 5169 inse
281 5126 400 5171 narratur
417 5119 477 5169 hist.
495 5120 557 5171 eccl.
577 5120 661 5181 9,11.
