<?xml version="1.0" encoding="UTF-8"?>
<!DOCTYPE html PUBLIC "-//W3C//DTD XHTML 1.0 Transitional//EN"
    "http://www.w3.org/TR/xhtml1/DTD/xhtml1-transitional.dtd">
<html xmlns="http://www.w3.org/1999/xhtml" xml:lang="en" lang="en">
 <head>
  <title>
</title>
<meta http-equiv="Content-Type" content="text/html;charset=utf-8" />
  <meta name='ocr-system' content='tesseract 3.04.00' />
  <meta name='ocr-capabilities' content='ocr_page ocr_carea ocr_par ocr_line ocrx_word'/>
</head>
<body>
  <div class='ocr_page' id='page_1' title='image "./ephemerisepigra07instgoog/ephemerisepigra07instgoog_0199.png"; bbox 0 0 3480 5804; ppageno 0'>
   <div class='ocr_carea' id='block_1_1' title="bbox 583 445 1462 516">
    <p class='ocr_par' dir='ltr' id='par_1_1' title="bbox 583 445 1462 516">
     <span class='ocr_line' id='line_1_1' title="bbox 583 445 1462 516; baseline 0.007 -7"><span class='ocrx_word' id='word_1_1' title='bbox 583 459 752 511; x_wconf 71' lang='lat' dir='ltr'><strong>nummus.</strong></span> <span class='ocrx_word' id='word_1_2' title='bbox 769 459 1010 512; x_wconf 77' lang='lat' dir='ltr'><strong>cousvaanra.</strong></span> <span class='ocrx_word' id='word_1_3' title='bbox 1392 445 1462 516; x_wconf 87' lang='lat'><strong>193</strong></span> 
     </span>
    </p>
   </div>
   <div class='ocr_carea' id='block_1_2' title="bbox 138 560 290 570">
    <p class='ocr_par' dir='ltr' id='par_1_2' title="bbox 138 560 290 570">
     <span class='ocr_line' id='line_1_2' title="bbox 138 560 290 570; baseline -0.013 0"><span class='ocrx_word' id='word_1_4' title='bbox 138 560 290 570; x_wconf 79' lang='lat'>...-.-——</span> 
     </span>
    </p>
   </div>
   <div class='ocr_carea' id='block_1_3' title="bbox 135 631 1467 1218">
    <p class='ocr_par' dir='ltr' id='par_1_3' title="bbox 135 631 1467 1218">
     <span class='ocr_line' id='line_1_3' title="bbox 135 631 1463 710; baseline 0.003 -20"><span class='ocrx_word' id='word_1_5' title='bbox 135 633 208 691; x_wconf 91' lang='lat' dir='ltr'><strong>lium</strong></span> <span class='ocrx_word' id='word_1_6' title='bbox 229 633 300 690; x_wconf 88' lang='lat' dir='ltr'><strong>anni</strong></span> <span class='ocrx_word' id='word_1_7' title='bbox 315 632 371 704; x_wconf 77' lang='lat'><strong>72,</strong></span> <span class='ocrx_word' id='word_1_8' title='bbox 399 650 464 691; x_wconf 89' lang='lat' dir='ltr'><strong>cum</strong></span> <span class='ocrx_word' id='word_1_9' title='bbox 479 632 645 690; x_wconf 85' lang='lat' dir='ltr'><strong>&#39;nominent</strong></span> <span class='ocrx_word' id='word_1_10' title='bbox 670 651 773 691; x_wconf 87' lang='lat' dir='ltr'><strong>mense</strong></span> <span class='ocrx_word' id='word_1_11' title='bbox 794 632 892 710; x_wconf 78' lang='lat' dir='ltr'><strong>Aprili</strong></span> <span class='ocrx_word' id='word_1_12' title='bbox 907 631 1128 709; x_wconf 76' lang='lat' dir='ltr'><strong>Vespasianum</strong></span> <span class='ocrx_word' id='word_1_13' title='bbox 1151 634 1229 710; x_wconf 82' lang='lat' dir='ltr'><strong>Aug.</strong></span> <span class='ocrx_word' id='word_1_14' title='bbox 1251 635 1330 707; x_wconf 92' lang='lat' dir='ltr'><strong>IIII,</strong></span> <span class='ocrx_word' id='word_1_15' title='bbox 1361 636 1463 694; x_wconf 84' lang='lat' dir='ltr'><strong>Titum</strong></span> 
     </span>
     <span class='ocr_line' id='line_1_4' title="bbox 136 733 1464 809; baseline 0.002 -15"><span class='ocrx_word' id='word_1_16' title='bbox 136 733 297 794; x_wconf 90' lang='lat' dir='ltr'><strong>Caesarem</strong></span> <span class='ocrx_word' id='word_1_17' title='bbox 319 735 350 792; x_wconf 96' lang='lat' dir='ltr'><strong>II</strong></span> <span class='ocrx_word' id='word_1_18' title='bbox 376 733 530 805; x_wconf 90' lang='lat' dir='ltr'><strong>consules,</strong></span> <span class='ocrx_word' id='word_1_19' title='bbox 559 752 663 793; x_wconf 91' lang='lat' dir='ltr'><strong>mense</strong></span> <span class='ocrx_word' id='word_1_20' title='bbox 688 735 770 793; x_wconf 91' lang='lat' dir='ltr'><strong>Maio</strong></span> <span class='ocrx_word' id='word_1_21' title='bbox 798 733 832 792; x_wconf 91' lang='lat' dir='ltr'><strong>C.</strong></span> <span class='ocrx_word' id='word_1_22' title='bbox 860 733 1009 793; x_wconf 89' lang='lat' dir='ltr'><strong>Licinium</strong></span> <span class='ocrx_word' id='word_1_23' title='bbox 1038 734 1210 794; x_wconf 89' lang='lat' dir='ltr'><strong>Mucianum</strong></span> <span class='ocrx_word' id='word_1_24' title='bbox 1232 736 1295 809; x_wconf 91' lang='lat' dir='ltr'><strong>III,</strong></span> <span class='ocrx_word' id='word_1_25' title='bbox 1326 737 1363 796; x_wconf 90' lang='grc' dir='ltr'><strong>Τ.</strong></span> <span class='ocrx_word' id='word_1_26' title='bbox 1393 738 1464 796; x_wconf 86' lang='lat' dir='ltr'><strong>Fla·</strong></span> 
     </span>
     <span class='ocr_line' id='line_1_5' title="bbox 135 823 1465 912; baseline 0.004 -19"><span class='ocrx_word' id='word_1_27' title='bbox 135 836 216 894; x_wconf 79' lang='lat' dir='ltr'><strong>vium</strong></span> <span class='ocrx_word' id='word_1_28' title='bbox 237 834 381 896; x_wconf 87' lang='lat' dir='ltr'><strong>Sabinum</strong></span> <span class='ocrx_word' id='word_1_29' title='bbox 397 835 439 907; x_wconf 91' lang='lat' dir='ltr'><strong>II,</strong></span> <span class='ocrx_word' id='word_1_30' title='bbox 460 845 494 894; x_wconf 94' lang='lat' dir='ltr'><strong>ut</strong></span> <span class='ocrx_word' id='word_1_31' title='bbox 515 836 657 894; x_wconf 81' lang='lat' dir='ltr'><strong>ducamur</strong></span> <span class='ocrx_word' id='word_1_32' title='bbox 677 835 720 893; x_wconf 91' lang='lat' dir='ltr'><strong>ita</strong></span> <span class='ocrx_word' id='word_1_33' title='bbox 741 823 779 895; x_wconf 85' lang='lat' dir='ltr'><strong>ad</strong></span> <span class='ocrx_word' id='word_1_34' title='bbox 800 836 933 894; x_wconf 87' lang='lat' dir='ltr'><strong>nundina</strong></span> <span class='ocrx_word' id='word_1_35' title='bbox 953 836 1018 894; x_wconf 91' lang='lat' dir='ltr'><strong>eius</strong></span> <span class='ocrx_word' id='word_1_36' title='bbox 1041 837 1111 894; x_wconf 90' lang='lat' dir='ltr'><strong>anni</strong></span> <span class='ocrx_word' id='word_1_37' title='bbox 1131 838 1371 912; x_wconf 86' lang='lat' dir='ltr'><strong>quadrimestria,</strong></span> <span class='ocrx_word' id='word_1_38' title='bbox 1395 840 1465 898; x_wconf 89' lang='lat' dir='ltr'><strong>licot</strong></span> 
     </span>
     <span class='ocr_line' id='line_1_6' title="bbox 135 936 1465 1017; baseline 0.003 -21"><span class='ocrx_word' id='word_1_39' title='bbox 135 957 202 996; x_wconf 91' lang='lat' dir='ltr'><strong>cum</strong></span> <span class='ocrx_word' id='word_1_40' title='bbox 223 937 363 996; x_wconf 84' lang='lat' dir='ltr'><strong>consules</strong></span> <span class='ocrx_word' id='word_1_41' title='bbox 387 936 528 995; x_wconf 85' lang='lat' dir='ltr'><strong>ordinarii</strong></span> <span class='ocrx_word' id='word_1_42' title='bbox 550 936 611 995; x_wconf 89' lang='lat' dir='ltr'><strong>sint</strong></span> <span class='ocrx_word' id='word_1_43' title='bbox 633 937 692 1012; x_wconf 89' lang='lat' dir='ltr'><strong>ipsi</strong></span> <span class='ocrx_word' id='word_1_44' title='bbox 713 937 918 1013; x_wconf 86' lang='lat' dir='ltr'><strong>imperatores,</strong></span> <span class='ocrx_word' id='word_1_45' title='bbox 941 938 1053 1014; x_wconf 92' lang='lat' dir='ltr'><strong>opponi</strong></span> <span class='ocrx_word' id='word_1_46' title='bbox 1074 937 1172 1014; x_wconf 80' lang='lat' dir='ltr'><strong>possit</strong></span> <span class='ocrx_word' id='word_1_47' title='bbox 1192 957 1245 997; x_wconf 88' lang='lat' dir='ltr'><strong>eos</strong></span> <span class='ocrx_word' id='word_1_48' title='bbox 1263 947 1333 997; x_wconf 91' lang='lat' dir='ltr'><strong>ante</strong></span> <span class='ocrx_word' id='word_1_49' title='bbox 1347 948 1465 1017; x_wconf 89' lang='lat' dir='ltr'><strong>tempus</strong></span> 
     </span>
     <span class='ocr_line' id='line_1_7' title="bbox 136 1035 1465 1116; baseline 0.002 -18"><span class='ocrx_word' id='word_1_50' title='bbox 136 1047 280 1098; x_wconf 84' lang='lat' dir='ltr'><strong>statutam</strong></span> <span class='ocrx_word' id='word_1_51' title='bbox 307 1039 404 1099; x_wconf 81' lang='lat' dir='ltr'><strong>fasces</strong></span> <span class='ocrx_word' id='word_1_52' title='bbox 431 1039 580 1116; x_wconf 84' lang='lat' dir='ltr'><strong>deponere</strong></span> <span class='ocrx_word' id='word_1_53' title='bbox 607 1039 752 1115; x_wconf 83' lang='lat' dir='ltr'><strong>potuisse.</strong></span> <span class='ocrx_word' id='word_1_54' title='bbox 795 1035 1005 1098; x_wconf 87' lang='lat' dir='ltr'><strong>Nundinarum</strong></span> <span class='ocrx_word' id='word_1_55' title='bbox 1035 1047 1133 1096; x_wconf 87' lang='lat' dir='ltr'><strong>autem</strong></span> <span class='ocrx_word' id='word_1_56' title='bbox 1156 1039 1342 1099; x_wconf 88' lang='lat' dir='ltr'><strong>bimestrium</strong></span> <span class='ocrx_word' id='word_1_57' title='bbox 1364 1061 1465 1100; x_wconf 82' lang='lat' dir='ltr'><strong>exem·</strong></span> 
     </span>
     <span class='ocr_line' id='line_1_8' title="bbox 136 1139 1467 1218; baseline 0.002 -20"><span class='ocrx_word' id='word_1_58' title='bbox 136 1141 219 1216; x_wconf 90' lang='lat' dir='ltr'><strong>plum</strong></span> <span class='ocrx_word' id='word_1_59' title='bbox 248 1140 366 1198; x_wconf 88' lang='lat' dir='ltr'><strong>videtur</strong></span> <span class='ocrx_word' id='word_1_60' title='bbox 395 1139 536 1215; x_wconf 86' lang='lat' dir='ltr'><strong>praebere</strong></span> <span class='ocrx_word' id='word_1_61' title='bbox 564 1157 661 1198; x_wconf 91' lang='lat' dir='ltr'><strong>annus</strong></span> <span class='ocrx_word' id='word_1_62' title='bbox 677 1140 732 1210; x_wconf 82' lang='lat' dir='ltr'><strong>tl,</strong></span> <span class='ocrx_word' id='word_1_63' title='bbox 761 1158 820 1216; x_wconf 94' lang='lat' dir='ltr'><strong>quo</strong></span> <span class='ocrx_word' id='word_1_64' title='bbox 847 1141 945 1198; x_wconf 87' lang='lat' dir='ltr'><strong>fasces</strong></span> <span class='ocrx_word' id='word_1_65' title='bbox 971 1139 1139 1198; x_wconf 90' lang='lat' dir='ltr'><strong>ordinarios</strong></span> <span class='ocrx_word' id='word_1_66' title='bbox 1167 1160 1235 1200; x_wconf 90' lang='lat' dir='ltr'><strong>cum</strong></span> <span class='ocrx_word' id='word_1_67' title='bbox 1264 1143 1467 1218; x_wconf 81' lang='lat' dir='ltr'><strong>suscepissent</strong></span> 
     </span>
    </p>
   </div>
   <div class='ocr_carea' id='block_1_4' title="bbox 51 1239 1468 1317">
    <p class='ocr_par' dir='ltr' id='par_1_4' title="bbox 51 1239 1468 1317">
     <span class='ocr_line' id='line_1_9' title="bbox 51 1239 1468 1317; baseline 0.003 -20"><span class='ocrx_word' id='word_1_68' title='bbox 51 1289 56 1297; x_wconf 97' lang='lat'><strong>.</strong></span> <span class='ocrx_word' id='word_1_69' title='bbox 137 1241 346 1316; x_wconf 78' lang='lat' dir='ltr'><strong>Vespasianus</strong></span> <span class='ocrx_word' id='word_1_70' title='bbox 365 1239 414 1298; x_wconf 93' lang='lat' dir='ltr'><strong>III</strong></span> <span class='ocrx_word' id='word_1_71' title='bbox 443 1248 474 1300; x_wconf 88' lang='lat' dir='ltr'><strong>et</strong></span> <span class='ocrx_word' id='word_1_72' title='bbox 499 1241 539 1299; x_wconf 89' lang='lat' dir='ltr'><strong>M.</strong></span> <span class='ocrx_word' id='word_1_73' title='bbox 568 1239 713 1300; x_wconf 83' lang='lat' dir='ltr'><strong>Cocceius</strong></span> <span class='ocrx_word' id='word_1_74' title='bbox 738 1239 856 1313; x_wconf 88' lang='lat' dir='ltr'><strong>Nerva,</strong></span> <span class='ocrx_word' id='word_1_75' title='bbox 882 1241 969 1300; x_wconf 90' lang='lat' dir='ltr'><strong>nonis</strong></span> <span class='ocrx_word' id='word_1_76' title='bbox 996 1241 1154 1317; x_wconf 86' lang='lat' dir='ltr'><strong>Aprilibus</strong></span> <span class='ocrx_word' id='word_1_77' title='bbox 1181 1243 1322 1302; x_wconf 86' lang='lat' dir='ltr'><strong>consules</strong></span> <span class='ocrx_word' id='word_1_78' title='bbox 1347 1243 1468 1303; x_wconf 84' lang='lat' dir='ltr'><strong>luerunt</strong></span> 
     </span>
    </p>
   </div>
   <div class='ocr_carea' id='block_1_5' title="bbox 100 1340 1474 5151">
    <p class='ocr_par' dir='ltr' id='par_1_5' title="bbox 100 1340 1470 2110">
     <span class='ocr_line' id='line_1_10' title="bbox 137 1340 1465 1421; baseline 0.003 -21"><span class='ocrx_word' id='word_1_79' title='bbox 137 1342 329 1402; x_wconf 86' lang='lat' dir='ltr'><strong>Domitianus</strong></span> <span class='ocrx_word' id='word_1_80' title='bbox 356 1352 386 1401; x_wconf 88' lang='lat' dir='ltr'><strong>et</strong></span> <span class='ocrx_word' id='word_1_81' title='bbox 412 1340 468 1402; x_wconf 86' lang='lat' dir='ltr'><strong>Cn.</strong></span> <span class='ocrx_word' id='word_1_82' title='bbox 494 1341 607 1402; x_wconf 91' lang='lat' dir='ltr'><strong>Pedius</strong></span> <span class='ocrx_word' id='word_1_83' title='bbox 636 1340 751 1402; x_wconf 86' lang='lat' dir='ltr'><strong>Caseus</strong></span> <span class='ocrx_word' id='word_1_84' title='bbox 778 1343 853 1418; x_wconf 89' lang='lat' dir='ltr'><strong>(tab.</strong></span> <span class='ocrx_word' id='word_1_85' title='bbox 876 1343 945 1400; x_wconf 93' lang='lat' dir='ltr'><strong>hon.</strong></span> <span class='ocrx_word' id='word_1_86' title='bbox 966 1344 1049 1402; x_wconf 88' lang='lat' dir='ltr'><strong>miss.</strong></span> <span class='ocrx_word' id='word_1_87' title='bbox 1076 1344 1136 1402; x_wconf 89' lang='lat' dir='ltr'><strong>vol.</strong></span> <span class='ocrx_word' id='word_1_88' title='bbox 1157 1345 1220 1415; x_wconf 89' lang='grc' dir='ltr'>ΙΙΙ,</span> <span class='ocrx_word' id='word_1_89' title='bbox 1238 1344 1351 1421; x_wconf 83' lang='lat' dir='ltr'><strong>VIII),</strong></span> <span class='ocrx_word' id='word_1_90' title='bbox 1381 1365 1408 1403; x_wconf 87' lang='lat' dir='ltr'><strong>a.</strong></span> <span class='ocrx_word' id='word_1_91' title='bbox 1436 1346 1465 1404; x_wconf 90' lang='lat' dir='ltr'><strong>d.</strong></span> 
     </span>
     <span class='ocr_line' id='line_1_11' title="bbox 137 1443 1467 1522; baseline 0.002 -19"><span class='ocrx_word' id='word_1_92' title='bbox 137 1444 199 1503; x_wconf 96' lang='lat' dir='ltr'><strong>VII</strong></span> <span class='ocrx_word' id='word_1_93' title='bbox 213 1444 360 1502; x_wconf 79' lang='lat' dir='ltr'><strong>kalendas</strong></span> <span class='ocrx_word' id='word_1_94' title='bbox 375 1443 470 1502; x_wconf 88' lang='lat' dir='ltr'><strong>Iulias</strong></span> <span class='ocrx_word' id='word_1_95' title='bbox 483 1443 561 1502; x_wconf 88' lang='lat' dir='ltr'><strong>idem</strong></span> <span class='ocrx_word' id='word_1_96' title='bbox 576 1444 768 1502; x_wconf 86' lang='lat' dir='ltr'><strong>Domitianus</strong></span> <span class='ocrx_word' id='word_1_97' title='bbox 783 1451 813 1503; x_wconf 87' lang='lat' dir='ltr'><strong>et</strong></span> <span class='ocrx_word' id='word_1_98' title='bbox 827 1443 966 1503; x_wconf 88' lang='lat' dir='ltr'><strong>Valerius</strong></span> <span class='ocrx_word' id='word_1_99' title='bbox 981 1444 1091 1504; x_wconf 86' lang='lat' dir='ltr'><strong>Festus</strong></span> <span class='ocrx_word' id='word_1_100' title='bbox 1114 1445 1204 1520; x_wconf 92' lang='lat' dir='ltr'><strong>(Mar.</strong></span> <span class='ocrx_word' id='word_1_101' title='bbox 1223 1445 1306 1520; x_wconf 80' lang='lat'><strong>129),</strong></span> <span class='ocrx_word' id='word_1_102' title='bbox 1329 1446 1467 1522; x_wconf 87' lang='lat' dir='ltr'><strong>denique,</strong></span> 
     </span>
     <span class='ocr_line' id='line_1_12' title="bbox 137 1543 1463 1624; baseline 0.002 -20"><span class='ocrx_word' id='word_1_103' title='bbox 137 1546 164 1604; x_wconf 87' lang='lat' dir='ltr'><strong>si</strong></span> <span class='ocrx_word' id='word_1_104' title='bbox 185 1545 222 1603; x_wconf 87' lang='lat' dir='ltr'><strong>de</strong></span> <span class='ocrx_word' id='word_1_105' title='bbox 244 1563 323 1603; x_wconf 91' lang='lat' dir='ltr'><strong>anno</strong></span> <span class='ocrx_word' id='word_1_106' title='bbox 344 1552 424 1604; x_wconf 88' lang='lat' dir='ltr'><strong>recte</strong></span> <span class='ocrx_word' id='word_1_107' title='bbox 444 1545 587 1604; x_wconf 88' lang='lat' dir='ltr'><strong>iudicavit</strong></span> <span class='ocrx_word' id='word_1_108' title='bbox 606 1545 794 1623; x_wconf 83' lang='lat' dir='ltr'><strong>Borghesius</strong></span> <span class='ocrx_word' id='word_1_109' title='bbox 817 1543 972 1621; x_wconf 79' lang='lat' dir='ltr'><strong>(Giomale</strong></span> <span class='ocrx_word' id='word_1_110' title='bbox 993 1547 1094 1606; x_wconf 84' lang='lat' dir='ltr'><strong>arcad.</strong></span> <span class='ocrx_word' id='word_1_111' title='bbox 1119 1546 1194 1604; x_wconf 83' lang='lat'>1831</span> <span class='ocrx_word' id='word_1_112' title='bbox 1220 1558 1240 1603; x_wconf 91' lang='lat' dir='ltr'><strong>t.</strong></span> <span class='ocrx_word' id='word_1_113' title='bbox 1258 1548 1297 1606; x_wconf 81' lang='lat'><strong>54</strong></span> <span class='ocrx_word' id='word_1_114' title='bbox 1318 1567 1348 1624; x_wconf 92' lang='lat' dir='ltr'><strong>p.</strong></span> <span class='ocrx_word' id='word_1_115' title='bbox 1365 1547 1403 1606; x_wconf 77' lang='lat'><strong>72</strong></span> <span class='ocrx_word' id='word_1_116' title='bbox 1426 1573 1463 1598; x_wconf 94' lang='lat'>=</span> 
     </span>
     <span class='ocr_line' id='line_1_13' title="bbox 137 1645 1468 1724; baseline 0.003 -21"><span class='ocrx_word' id='word_1_117' title='bbox 137 1665 206 1723; x_wconf 92' lang='lat' dir='ltr'><strong>opp.</strong></span> <span class='ocrx_word' id='word_1_118' title='bbox 223 1647 240 1705; x_wconf 87' lang='lat'><strong>3</strong></span> <span class='ocrx_word' id='word_1_119' title='bbox 264 1665 293 1721; x_wconf 91' lang='lat' dir='ltr'><strong>p.</strong></span> <span class='ocrx_word' id='word_1_120' title='bbox 309 1646 385 1722; x_wconf 80' lang='lat'><strong>343)</strong></span> <span class='ocrx_word' id='word_1_121' title='bbox 407 1665 434 1705; x_wconf 87' lang='lat' dir='ltr'><strong>a.</strong></span> <span class='ocrx_word' id='word_1_122' title='bbox 457 1646 485 1704; x_wconf 92' lang='lat' dir='ltr'><strong>d.</strong></span> <span class='ocrx_word' id='word_1_123' title='bbox 501 1646 582 1704; x_wconf 87' lang='lat' dir='ltr'><strong>XIII</strong></span> <span class='ocrx_word' id='word_1_124' title='bbox 605 1645 750 1704; x_wconf 81' lang='lat' dir='ltr'><strong>kalendas</strong></span> <span class='ocrx_word' id='word_1_125' title='bbox 766 1647 920 1724; x_wconf 78' lang='lat' dir='ltr'><strong>Augustas</strong></span> <span class='ocrx_word' id='word_1_126' title='bbox 942 1645 980 1704; x_wconf 91' lang='lat' dir='ltr'><strong>L.</strong></span> <span class='ocrx_word' id='word_1_127' title='bbox 997 1646 1124 1705; x_wconf 89' lang='lat' dir='ltr'><strong>Flavius</strong></span> <span class='ocrx_word' id='word_1_128' title='bbox 1140 1647 1275 1713; x_wconf 85' lang='lat' dir='ltr'><strong>Fimbria</strong></span> <span class='ocrx_word' id='word_1_129' title='bbox 1296 1658 1326 1707; x_wconf 88' lang='lat' dir='ltr'><strong>et</strong></span> <span class='ocrx_word' id='word_1_130' title='bbox 1347 1646 1382 1706; x_wconf 92' lang='lat' dir='ltr'><strong>C.</strong></span> <span class='ocrx_word' id='word_1_131' title='bbox 1400 1649 1468 1707; x_wconf 90' lang='lat' dir='ltr'><strong>Ati·</strong></span> 
     </span>
     <span class='ocr_line' id='line_1_14' title="bbox 137 1746 1467 1824; baseline 0.002 -19"><span class='ocrx_word' id='word_1_132' title='bbox 137 1748 195 1805; x_wconf 88' lang='lat' dir='ltr'><strong>lius</strong></span> <span class='ocrx_word' id='word_1_133' title='bbox 217 1747 370 1807; x_wconf 87' lang='lat' dir='ltr'><strong>Barbarus</strong></span> <span class='ocrx_word' id='word_1_134' title='bbox 393 1747 440 1823; x_wconf 91' lang='lat'><strong>(1,</strong></span> <span class='ocrx_word' id='word_1_135' title='bbox 457 1746 542 1822; x_wconf 80' lang='lat'><strong>773).</strong></span> <span class='ocrx_word' id='word_1_136' title='bbox 586 1746 698 1805; x_wconf 88' lang='lat' dir='ltr'><strong>Primis</strong></span> <span class='ocrx_word' id='word_1_137' title='bbox 723 1747 820 1823; x_wconf 81' lang='lat' dir='ltr'><strong>igitur·</strong></span> <span class='ocrx_word' id='word_1_138' title='bbox 841 1764 897 1806; x_wconf 85' lang='lat' dir='ltr'><strong>sex</strong></span> <span class='ocrx_word' id='word_1_139' title='bbox 919 1747 989 1805; x_wconf 88' lang='lat' dir='ltr'><strong>enni</strong></span> <span class='ocrx_word' id='word_1_140' title='bbox 1005 1747 1042 1805; x_wconf 82' lang='lat'><strong>71</strong></span> <span class='ocrx_word' id='word_1_141' title='bbox 1066 1748 1221 1807; x_wconf 88' lang='lat' dir='ltr'><strong>mensibus</strong></span> <span class='ocrx_word' id='word_1_142' title='bbox 1245 1756 1363 1824; x_wconf 83' lang='lat' dir='ltr'><strong>praeter</strong></span> <span class='ocrx_word' id='word_1_143' title='bbox 1384 1750 1467 1824; x_wconf 91' lang='lat' dir='ltr'><strong>prin-</strong></span> 
     </span>
     <span class='ocr_line' id='line_1_15' title="bbox 100 1847 1469 1926; baseline -0.001 -14"><span class='ocrx_word' id='word_1_144' title='bbox 100 1908 103 1912; x_wconf 82' lang='lat'><strong>.</strong></span> <span class='ocrx_word' id='word_1_145' title='bbox 137 1850 232 1926; x_wconf 85' lang='lat' dir='ltr'><strong>cipes,</strong></span> <span class='ocrx_word' id='word_1_146' title='bbox 259 1850 311 1925; x_wconf 91' lang='lat' dir='ltr'><strong>qui</strong></span> <span class='ocrx_word' id='word_1_147' title='bbox 338 1850 375 1908; x_wconf 91' lang='lat' dir='ltr'><strong>de</strong></span> <span class='ocrx_word' id='word_1_148' title='bbox 401 1867 456 1908; x_wconf 89' lang='lat' dir='ltr'><strong>suo</strong></span> <span class='ocrx_word' id='word_1_149' title='bbox 479 1848 604 1906; x_wconf 90' lang='lat' dir='ltr'><strong>arbitrio</strong></span> <span class='ocrx_word' id='word_1_150' title='bbox 626 1847 813 1907; x_wconf 89' lang='lat' dir='ltr'><strong>consulatum</strong></span> <span class='ocrx_word' id='word_1_151' title='bbox 835 1847 1020 1906; x_wconf 89' lang='lat' dir='ltr'><strong>retinuerunt</strong></span> <span class='ocrx_word' id='word_1_152' title='bbox 1041 1847 1298 1924; x_wconf 88' lang='lat' dir='ltr'><strong>deposueruntve,</strong></span> <span class='ocrx_word' id='word_1_153' title='bbox 1328 1851 1469 1910; x_wconf 87' lang='lat' dir='ltr'><strong>consules</strong></span> 
     </span>
     <span class='ocr_line' id='line_1_16' title="bbox 137 1933 1470 2022; baseline 0.002 -14"><span class='ocrx_word' id='word_1_154' title='bbox 137 1953 281 2009; x_wconf 89' lang='lat' dir='ltr'><strong>habemus</strong></span> <span class='ocrx_word' id='word_1_155' title='bbox 303 1949 449 2022; x_wconf 86' lang='lat' dir='ltr'><strong>Nervam,</strong></span> <span class='ocrx_word' id='word_1_156' title='bbox 472 1947 616 2021; x_wconf 82' lang='lat' dir='ltr'><strong>Cascam,</strong></span> <span class='ocrx_word' id='word_1_157' title='bbox 639 1948 780 2022; x_wconf 80' lang='lat' dir='ltr'><strong>Festum,</strong></span> <span class='ocrx_word' id='word_1_158' title='bbox 806 1949 850 2007; x_wconf 87' lang='lat' dir='ltr'><strong>ita</strong></span> <span class='ocrx_word' id='word_1_159' title='bbox 875 1933 909 2007; x_wconf 88' lang='lat' dir='ltr'><strong>ut</strong></span> <span class='ocrx_word' id='word_1_160' title='bbox 934 1949 1068 2008; x_wconf 88' lang='lat' dir='ltr'><strong>nundina</strong></span> <span class='ocrx_word' id='word_1_161' title='bbox 1093 1957 1156 2007; x_wconf 90' lang='lat' dir='ltr'><strong>tum</strong></span> <span class='ocrx_word' id='word_1_162' title='bbox 1183 1949 1338 2009; x_wconf 87' lang='lat' dir='ltr'><strong>blmestria</strong></span> <span class='ocrx_word' id='word_1_163' title='bbox 1358 1951 1470 2013; x_wconf 84' lang='lat' dir='ltr'><strong>luerint</strong></span> 
     </span>
     <span class='ocr_line' id='line_1_17' title="bbox 140 2053 332 2110; baseline -0.005 0"><span class='ocrx_word' id='word_1_164' title='bbox 140 2053 332 2110; x_wconf 82' lang='lat' dir='ltr'><strong>accessesit.</strong></span> 
     </span>
    </p>

    <p class='ocr_par' dir='ltr' id='par_1_6' title="bbox 139 2149 1474 3220">
     <span class='ocr_line' id='line_1_18' title="bbox 156 2149 1469 2228; baseline -0.001 -16"><span class='ocrx_word' id='word_1_165' title='bbox 156 2176 159 2180; x_wconf 92' lang='grc'><em>·</em></span> <span class='ocrx_word' id='word_1_166' title='bbox 220 2152 269 2212; x_wconf 91' lang='lat' dir='ltr'><strong>De</strong></span> <span class='ocrx_word' id='word_1_167' title='bbox 290 2151 396 2210; x_wconf 87' lang='lat' dir='ltr'><strong>ceteris</strong></span> <span class='ocrx_word' id='word_1_168' title='bbox 406 2149 588 2227; x_wconf 88' lang='lat' dir='ltr'><strong>Vespasiani</strong></span> <span class='ocrx_word' id='word_1_169' title='bbox 609 2151 695 2209; x_wconf 88' lang='lat' dir='ltr'><strong>annis</strong></span> <span class='ocrx_word' id='word_1_170' title='bbox 715 2157 778 2209; x_wconf 83' lang='lat' dir='ltr'><strong>tarn</strong></span> <span class='ocrx_word' id='word_1_171' title='bbox 799 2159 912 2209; x_wconf 87' lang='lat' dir='ltr'><strong>certum</strong></span> <span class='ocrx_word' id='word_1_172' title='bbox 933 2151 1076 2210; x_wconf 90' lang='lat' dir='ltr'><strong>iudicium</strong></span> <span class='ocrx_word' id='word_1_173' title='bbox 1098 2151 1169 2210; x_wconf 85' lang='lat' dir='ltr'><strong>ferri</strong></span> <span class='ocrx_word' id='word_1_174' title='bbox 1185 2172 1244 2211; x_wconf 93' lang='lat' dir='ltr'><strong>non</strong></span> <span class='ocrx_word' id='word_1_175' title='bbox 1259 2160 1368 2228; x_wconf 86' lang='lat' dir='ltr'><strong>potest.</strong></span> <span class='ocrx_word' id='word_1_176' title='bbox 1402 2152 1469 2212; x_wconf 90' lang='lat' dir='ltr'><strong>Nec</strong></span> 
     </span>
     <span class='ocr_line' id='line_1_19' title="bbox 141 2251 1468 2329; baseline 0 -17"><span class='ocrx_word' id='word_1_177' title='bbox 141 2253 236 2329; x_wconf 79' lang='lat' dir='ltr'><strong>magis</strong></span> <span class='ocrx_word' id='word_1_178' title='bbox 258 2271 336 2311; x_wconf 90' lang='lat' dir='ltr'><strong>anno</strong></span> <span class='ocrx_word' id='word_1_179' title='bbox 352 2253 392 2312; x_wconf 84' lang='lat'><strong>80</strong></span> <span class='ocrx_word' id='word_1_180' title='bbox 415 2261 488 2328; x_wconf 90' lang='lat' dir='ltr'><strong>quot</strong></span> <span class='ocrx_word' id='word_1_181' title='bbox 508 2251 618 2310; x_wconf 82' lang='lat' dir='ltr'><strong>luerint</strong></span> <span class='ocrx_word' id='word_1_182' title='bbox 639 2251 773 2310; x_wconf 89' lang='lat' dir='ltr'><strong>nundina</strong></span> <span class='ocrx_word' id='word_1_183' title='bbox 794 2252 981 2323; x_wconf 86' lang='lat' dir='ltr'><strong>consularia,</strong></span> <span class='ocrx_word' id='word_1_184' title='bbox 1009 2252 1084 2310; x_wconf 90' lang='lat' dir='ltr'><strong>satis</strong></span> <span class='ocrx_word' id='word_1_185' title='bbox 1105 2253 1207 2327; x_wconf 85' lang='lat' dir='ltr'><strong>liquet.</strong></span> <span class='ocrx_word' id='word_1_186' title='bbox 1251 2252 1376 2312; x_wconf 90' lang='lat' dir='ltr'><strong>Praeter</strong></span> <span class='ocrx_word' id='word_1_187' title='bbox 1397 2271 1468 2312; x_wconf 90' lang='lat' dir='ltr'><strong>con-</strong></span> 
     </span>
     <span class='ocr_line' id='line_1_20' title="bbox 139 2351 1474 2429; baseline 0.001 -17"><span class='ocrx_word' id='word_1_188' title='bbox 139 2355 221 2413; x_wconf 88' lang='lat' dir='ltr'><strong>sules</strong></span> <span class='ocrx_word' id='word_1_189' title='bbox 248 2371 354 2429; x_wconf 90' lang='lat' dir='ltr'><strong>nempe</strong></span> <span class='ocrx_word' id='word_1_190' title='bbox 383 2353 552 2411; x_wconf 89' lang='lat' dir='ltr'><strong>ordinarios</strong></span> <span class='ocrx_word' id='word_1_191' title='bbox 580 2351 683 2410; x_wconf 88' lang='lat' dir='ltr'><strong>Titum</strong></span> <span class='ocrx_word' id='word_1_192' title='bbox 708 2362 738 2411; x_wconf 89' lang='lat' dir='ltr'><strong>et</strong></span> <span class='ocrx_word' id='word_1_193' title='bbox 764 2351 970 2410; x_wconf 86' lang='lat' dir='ltr'><strong>Domitianum</strong></span> <span class='ocrx_word' id='word_1_194' title='bbox 998 2352 1096 2410; x_wconf 90' lang='lat' dir='ltr'><strong>idibus</strong></span> <span class='ocrx_word' id='word_1_195' title='bbox 1124 2353 1220 2410; x_wconf 85' lang='lat' dir='ltr'><strong>Iuniis</strong></span> <span class='ocrx_word' id='word_1_196' title='bbox 1248 2354 1387 2413; x_wconf 85' lang='lat' dir='ltr'><strong>consules</strong></span> <span class='ocrx_word' id='word_1_197' title='bbox 1415 2373 1474 2429; x_wconf 51' lang='lat' dir='ltr'><strong>pov</strong></span> 
     </span>
     <span class='ocr_line' id='line_1_21' title="bbox 139 2451 1468 2530; baseline -0.001 -17"><span class='ocrx_word' id='word_1_198' title='bbox 139 2463 250 2514; x_wconf 88' lang='lat' dir='ltr'><strong>nnntur</strong></span> <span class='ocrx_word' id='word_1_199' title='bbox 271 2452 307 2513; x_wconf 89' lang='lat' dir='ltr'><strong>C.</strong></span> <span class='ocrx_word' id='word_1_200' title='bbox 330 2453 445 2530; x_wconf 85' lang='lat' dir='ltr'><strong>Marias</strong></span> <span class='ocrx_word' id='word_1_201' title='bbox 467 2453 628 2512; x_wconf 88' lang='lat' dir='ltr'><strong>Marcellus</strong></span> <span class='ocrx_word' id='word_1_202' title='bbox 651 2452 795 2512; x_wconf 89' lang='lat' dir='ltr'><strong>Octavius</strong></span> <span class='ocrx_word' id='word_1_203' title='bbox 817 2451 853 2511; x_wconf 91' lang='lat' dir='ltr'><strong>P.</strong></span> <span class='ocrx_word' id='word_1_204' title='bbox 876 2451 1002 2511; x_wconf 90' lang='lat' dir='ltr'><strong>Cluvius</strong></span> <span class='ocrx_word' id='word_1_205' title='bbox 1024 2453 1122 2516; x_wconf 79' lang='lat' dir='ltr'><strong>Rufus</strong></span> <span class='ocrx_word' id='word_1_206' title='bbox 1143 2462 1173 2511; x_wconf 91' lang='lat' dir='ltr'><strong>et</strong></span> <span class='ocrx_word' id='word_1_207' title='bbox 1194 2452 1229 2510; x_wconf 90' lang='lat' dir='ltr'><strong>L.</strong></span> <span class='ocrx_word' id='word_1_208' title='bbox 1251 2454 1360 2512; x_wconf 88' lang='lat' dir='ltr'><strong>Aelius</strong></span> <span class='ocrx_word' id='word_1_209' title='bbox 1378 2453 1468 2512; x_wconf 90' lang='lat' dir='ltr'><strong>Plan·</strong></span> 
     </span>
     <span class='ocr_line' id='line_1_22' title="bbox 139 2551 1471 2631; baseline -0.002 -16"><span class='ocrx_word' id='word_1_210' title='bbox 139 2558 199 2615; x_wconf 89' lang='lat' dir='ltr'><strong>tius</strong></span> <span class='ocrx_word' id='word_1_211' title='bbox 226 2555 333 2614; x_wconf 89' lang='lat' dir='ltr'><strong>Lamia</strong></span> <span class='ocrx_word' id='word_1_212' title='bbox 360 2555 509 2614; x_wconf 89' lang='lat' dir='ltr'><strong>Aelianus</strong></span> <span class='ocrx_word' id='word_1_213' title='bbox 537 2554 614 2630; x_wconf 88' lang='lat' dir='ltr'><strong>(tab.</strong></span> <span class='ocrx_word' id='word_1_214' title='bbox 643 2553 714 2612; x_wconf 90' lang='lat' dir='ltr'><strong>hon.</strong></span> <span class='ocrx_word' id='word_1_215' title='bbox 743 2553 826 2612; x_wconf 90' lang='lat' dir='ltr'><strong>miss.</strong></span> <span class='ocrx_word' id='word_1_216' title='bbox 859 2552 919 2612; x_wconf 88' lang='lat' dir='ltr'><strong>vol.</strong></span> <span class='ocrx_word' id='word_1_217' title='bbox 940 2552 1003 2624; x_wconf 91' lang='lat' dir='ltr'><strong>III,</strong></span> <span class='ocrx_word' id='word_1_218' title='bbox 1027 2551 1110 2628; x_wconf 86' lang='lat' dir='ltr'><strong>XI);</strong></span> <span class='ocrx_word' id='word_1_219' title='bbox 1143 2553 1288 2612; x_wconf 91' lang='lat' dir='ltr'><strong>Aelianus</strong></span> <span class='ocrx_word' id='word_1_220' title='bbox 1316 2565 1471 2631; x_wconf 88' lang='lat' dir='ltr'><strong>praeterea</strong></span> 
     </span>
     <span class='ocr_line' id='line_1_23' title="bbox 139 2649 1469 2732; baseline -0.002 -17"><span class='ocrx_word' id='word_1_221' title='bbox 139 2657 187 2716; x_wconf 90' lang='lat' dir='ltr'><strong>die</strong></span> <span class='ocrx_word' id='word_1_222' title='bbox 213 2674 273 2714; x_wconf 91' lang='lat' dir='ltr'><strong>non</strong></span> <span class='ocrx_word' id='word_1_223' title='bbox 300 2665 403 2714; x_wconf 90' lang='lat' dir='ltr'><strong>notato</strong></span> <span class='ocrx_word' id='word_1_224' title='bbox 427 2655 567 2714; x_wconf 90' lang='lat' dir='ltr'><strong>laudatur</strong></span> <span class='ocrx_word' id='word_1_225' title='bbox 594 2673 660 2713; x_wconf 91' lang='lat' dir='ltr'><strong>cum</strong></span> <span class='ocrx_word' id='word_1_226' title='bbox 681 2654 858 2713; x_wconf 86' lang='lat' dir='ltr'><strong>Pactumeio</strong></span> <span class='ocrx_word' id='word_1_227' title='bbox 880 2653 1033 2713; x_wconf 88' lang='lat' dir='ltr'><strong>Frontone</strong></span> <span class='ocrx_word' id='word_1_228' title='bbox 1050 2649 1125 2730; x_wconf 77' lang='lat' dir='ltr'><strong>(act.</strong></span> <span class='ocrx_word' id='word_1_229' title='bbox 1148 2654 1250 2712; x_wconf 87' lang='lat' dir='ltr'><strong>Arval.</strong></span> <span class='ocrx_word' id='word_1_230' title='bbox 1272 2654 1362 2730; x_wconf 89' lang='lat' dir='ltr'><strong>huius</strong></span> <span class='ocrx_word' id='word_1_231' title='bbox 1384 2655 1469 2732; x_wconf 86' lang='lat' dir='ltr'><strong>anni)</strong></span> 
     </span>
     <span class='ocr_line' id='line_1_24' title="bbox 139 2753 1468 2834; baseline -0.001 -19"><span class='ocrx_word' id='word_1_232' title='bbox 139 2757 190 2834; x_wconf 89' lang='lat' dir='ltr'><strong>qui</strong></span> <span class='ocrx_word' id='word_1_233' title='bbox 212 2757 293 2815; x_wconf 86' lang='lat' dir='ltr'><strong>Rufo</strong></span> <span class='ocrx_word' id='word_1_234' title='bbox 315 2757 457 2815; x_wconf 82' lang='lat' dir='ltr'><strong>suffectus</strong></span> <span class='ocrx_word' id='word_1_235' title='bbox 480 2754 521 2814; x_wconf 86' lang='lat' dir='ltr'><strong>sit</strong></span> <span class='ocrx_word' id='word_1_236' title='bbox 540 2774 664 2816; x_wconf 90' lang='lat' dir='ltr'><strong>necesse</strong></span> <span class='ocrx_word' id='word_1_237' title='bbox 679 2763 735 2813; x_wconf 90' lang='lat' dir='ltr'><strong>est.</strong></span> <span class='ocrx_word' id='word_1_238' title='bbox 770 2755 829 2814; x_wconf 91' lang='lat' dir='ltr'><strong>Die</strong></span> <span class='ocrx_word' id='word_1_239' title='bbox 844 2754 972 2830; x_wconf 89' lang='lat' dir='ltr'><strong>denique</strong></span> <span class='ocrx_word' id='word_1_240' title='bbox 983 2754 1044 2813; x_wconf 96' lang='lat' dir='ltr'><strong>VII</strong></span> <span class='ocrx_word' id='word_1_241' title='bbox 1060 2754 1128 2813; x_wconf 88' lang='lat' dir='ltr'><strong>idus</strong></span> <span class='ocrx_word' id='word_1_242' title='bbox 1142 2753 1327 2814; x_wconf 88' lang='lat' dir='ltr'><strong>Decembres</strong></span> <span class='ocrx_word' id='word_1_243' title='bbox 1345 2755 1385 2814; x_wconf 88' lang='lat' dir='ltr'><strong>M.</strong></span> <span class='ocrx_word' id='word_1_244' title='bbox 1401 2755 1468 2815; x_wconf 91' lang='lat' dir='ltr'><strong>Tit-</strong></span> 
     </span>
     <span class='ocr_line' id='line_1_25' title="bbox 139 2855 1469 2936; baseline -0.001 -20"><span class='ocrx_word' id='word_1_245' title='bbox 139 2860 212 2917; x_wconf 91' lang='lat' dir='ltr'><strong>tium</strong></span> <span class='ocrx_word' id='word_1_246' title='bbox 226 2857 331 2936; x_wconf 82' lang='lat' dir='ltr'><strong>Frugi,</strong></span> <span class='ocrx_word' id='word_1_247' title='bbox 344 2857 381 2916; x_wconf 91' lang='lat' dir='ltr'><strong>T.</strong></span> <span class='ocrx_word' id='word_1_248' title='bbox 401 2856 552 2916; x_wconf 91' lang='lat' dir='ltr'><strong>Vinicium</strong></span> <span class='ocrx_word' id='word_1_249' title='bbox 566 2857 716 2915; x_wconf 86' lang='lat' dir='ltr'><strong>Iulianum</strong></span> <span class='ocrx_word' id='word_1_250' title='bbox 738 2856 878 2915; x_wconf 89' lang='lat' dir='ltr'><strong>consules</strong></span> <span class='ocrx_word' id='word_1_251' title='bbox 899 2856 1043 2916; x_wconf 87' lang='lat' dir='ltr'><strong>habemus</strong></span> <span class='ocrx_word' id='word_1_252' title='bbox 1064 2855 1136 2932; x_wconf 92' lang='lat' dir='ltr'><strong>(act.</strong></span> <span class='ocrx_word' id='word_1_253' title='bbox 1151 2856 1255 2914; x_wconf 88' lang='lat' dir='ltr'><strong>Arval.</strong></span> <span class='ocrx_word' id='word_1_254' title='bbox 1272 2856 1359 2915; x_wconf 90' lang='lat' dir='ltr'><strong>buius</strong></span> <span class='ocrx_word' id='word_1_255' title='bbox 1374 2858 1469 2933; x_wconf 87' lang='lat' dir='ltr'><strong>anni),</strong></span> 
     </span>
     <span class='ocr_line' id='line_1_26' title="bbox 140 2955 1469 3036; baseline 0 -20"><span class='ocrx_word' id='word_1_256' title='bbox 140 2959 191 3036; x_wconf 92' lang='lat' dir='ltr'><strong>qui</strong></span> <span class='ocrx_word' id='word_1_257' title='bbox 213 2976 273 3034; x_wconf 92' lang='lat' dir='ltr'><strong>quo</strong></span> <span class='ocrx_word' id='word_1_258' title='bbox 295 2957 343 3016; x_wconf 90' lang='lat' dir='ltr'><strong>die</strong></span> <span class='ocrx_word' id='word_1_259' title='bbox 364 2957 485 3016; x_wconf 90' lang='lat' dir='ltr'><strong>inierint</strong></span> <span class='ocrx_word' id='word_1_260' title='bbox 505 2958 650 3017; x_wconf 90' lang='lat' dir='ltr'><strong>incertum</strong></span> <span class='ocrx_word' id='word_1_261' title='bbox 672 2967 727 3016; x_wconf 89' lang='lat' dir='ltr'><strong>est.</strong></span> <span class='ocrx_word' id='word_1_262' title='bbox 744 2989 782 2999; x_wconf 97' lang='lat'><em>-</em></span> <span class='ocrx_word' id='word_1_263' title='bbox 807 2957 851 3014; x_wconf 92' lang='lat' dir='ltr'><strong>At</strong></span> <span class='ocrx_word' id='word_1_264' title='bbox 871 2975 932 3033; x_wconf 91' lang='lat' dir='ltr'><strong>quo</strong></span> <span class='ocrx_word' id='word_1_265' title='bbox 954 2957 1042 3016; x_wconf 90' lang='lat' dir='ltr'><strong>modo</strong></span> <span class='ocrx_word' id='word_1_266' title='bbox 1063 2955 1136 3014; x_wconf 81' lang='lat' dir='ltr'><strong>fasti</strong></span> <span class='ocrx_word' id='word_1_267' title='bbox 1156 2957 1227 3014; x_wconf 90' lang='lat' dir='ltr'><strong>anni</strong></span> <span class='ocrx_word' id='word_1_268' title='bbox 1243 2958 1280 3017; x_wconf 91' lang='lat'><strong>81</strong></span> <span class='ocrx_word' id='word_1_269' title='bbox 1304 2957 1469 3034; x_wconf 88' lang='lat' dir='ltr'><strong>comparati</strong></span> 
     </span>
     <span class='ocr_line' id='line_1_27' title="bbox 139 3057 1470 3136; baseline -0.001 -18"><span class='ocrx_word' id='word_1_270' title='bbox 139 3059 365 3136; x_wconf 79' lang='lat' dir='ltr'><strong>luerint-plane</strong></span> <span class='ocrx_word' id='word_1_271' title='bbox 392 3059 579 3136; x_wconf 87' lang='lat' dir='ltr'><strong>perspicitur.</strong></span> <span class='ocrx_word' id='word_1_272' title='bbox 630 3061 709 3118; x_wconf 88' lang='lat' dir='ltr'><strong>Acta</strong></span> <span class='ocrx_word' id='word_1_273' title='bbox 736 3057 815 3117; x_wconf 91' lang='lat' dir='ltr'><strong>enim</strong></span> <span class='ocrx_word' id='word_1_274' title='bbox 842 3057 969 3117; x_wconf 84' lang='lat' dir='ltr'><strong>fratrum</strong></span> <span class='ocrx_word' id='word_1_275' title='bbox 995 3058 1153 3116; x_wconf 80' lang='lat' dir='ltr'><strong>Arvalium</strong></span> <span class='ocrx_word' id='word_1_276' title='bbox 1182 3057 1272 3117; x_wconf 88' lang='lat' dir='ltr'><strong>huius</strong></span> <span class='ocrx_word' id='word_1_277' title='bbox 1301 3059 1372 3117; x_wconf 87' lang='lat' dir='ltr'><strong>anni</strong></span> <span class='ocrx_word' id='word_1_278' title='bbox 1399 3077 1470 3118; x_wconf 92' lang='lat' dir='ltr'><strong>con·</strong></span> 
     </span>
     <span class='ocr_line' id='line_1_28' title="bbox 142 3160 483 3220; baseline 0 -1"><span class='ocrx_word' id='word_1_279' title='bbox 142 3160 224 3220; x_wconf 86' lang='lat' dir='ltr'><strong>sales</strong></span> <span class='ocrx_word' id='word_1_280' title='bbox 246 3160 391 3219; x_wconf 86' lang='lat' dir='ltr'><strong>exhibent</strong></span> <span class='ocrx_word' id='word_1_281' title='bbox 412 3161 483 3219; x_wconf 83' lang='lat' dir='ltr'><strong>hos:</strong></span> 
     </span>
    </p>

    <p class='ocr_par' dir='ltr' id='par_1_7' title="bbox 223 3256 1470 3331">
     <span class='ocr_line' id='line_1_29' title="bbox 223 3256 1470 3331; baseline -0.001 -11"><span class='ocrx_word' id='word_1_282' title='bbox 223 3261 272 3320; x_wconf 91' lang='lat'><strong>111</strong></span> <span class='ocrx_word' id='word_1_283' title='bbox 297 3279 400 3319; x_wconf 89' lang='lat' dir='ltr'><strong>nonas.</strong></span> <span class='ocrx_word' id='word_1_284' title='bbox 420 3261 578 3319; x_wconf 87' lang='lat' dir='ltr'><strong>Ianuarius</strong></span> <span class='ocrx_word' id='word_1_285' title='bbox 609 3260 645 3318; x_wconf 91' lang='lat' dir='ltr'><strong>L.</strong></span> <span class='ocrx_word' id='word_1_286' title='bbox 679 3259 818 3319; x_wconf 84' lang='lat' dir='ltr'><strong>Flavium</strong></span> <span class='ocrx_word' id='word_1_287' title='bbox 852 3257 965 3320; x_wconf 86' lang='lat' dir='ltr'><strong>Silvam</strong></span> <span class='ocrx_word' id='word_1_288' title='bbox 994 3256 1126 3317; x_wconf 90' lang='lat' dir='ltr'><strong>Nonium</strong></span> <span class='ocrx_word' id='word_1_289' title='bbox 1153 3258 1300 3331; x_wconf 89' lang='lat' dir='ltr'><strong>Bassum,</strong></span> <span class='ocrx_word' id='word_1_290' title='bbox 1333 3260 1470 3319; x_wconf 88' lang='lat' dir='ltr'><strong>Asinium</strong></span> 
     </span>
    </p>

    <p class='ocr_par' dir='ltr' id='par_1_8' title="bbox 345 3361 746 3431">
     <span class='ocr_line' id='line_1_30' title="bbox 345 3361 746 3431; baseline -0.007 -11"><span class='ocrx_word' id='word_1_291' title='bbox 345 3361 515 3421; x_wconf 90' lang='lat' dir='ltr'><strong>Pollionem</strong></span> <span class='ocrx_word' id='word_1_292' title='bbox 531 3361 746 3431; x_wconf 87' lang='lat' dir='ltr'><strong>Verrucosum;</strong></span> 
     </span>
    </p>

    <p class='ocr_par' dir='ltr' id='par_1_9' title="bbox 225 3456 1404 3539">
     <span class='ocr_line' id='line_1_31' title="bbox 225 3456 1404 3539; baseline -0.003 -19"><span class='ocrx_word' id='word_1_293' title='bbox 225 3462 291 3520; x_wconf 94' lang='lat' dir='ltr'><strong>IIII</strong></span> <span class='ocrx_word' id='word_1_294' title='bbox 312 3461 458 3520; x_wconf 87' lang='lat' dir='ltr'><strong>kalendas</strong></span> <span class='ocrx_word' id='word_1_295' title='bbox 473 3461 596 3539; x_wconf 91' lang='lat' dir='ltr'><strong>Apriles</strong></span> <span class='ocrx_word' id='word_1_296' title='bbox 618 3461 659 3518; x_wconf 92' lang='lat' dir='ltr'><strong>M.</strong></span> <span class='ocrx_word' id='word_1_297' title='bbox 682 3459 825 3519; x_wconf 89' lang='lat' dir='ltr'><strong>Roscium</strong></span> <span class='ocrx_word' id='word_1_298' title='bbox 848 3458 995 3530; x_wconf 90' lang='lat' dir='ltr'><strong>Coelium,</strong></span> <span class='ocrx_word' id='word_1_299' title='bbox 1017 3456 1053 3518; x_wconf 90' lang='lat' dir='ltr'><strong>C.</strong></span> <span class='ocrx_word' id='word_1_300' title='bbox 1075 3458 1193 3517; x_wconf 86' lang='lat' dir='ltr'><strong>lunium</strong></span> <span class='ocrx_word' id='word_1_301' title='bbox 1217 3459 1404 3530; x_wconf 82' lang='lat' dir='ltr'><strong>Iuvenalem3</strong></span> 
     </span>
    </p>

    <p class='ocr_par' dir='ltr' id='par_1_10' title="bbox 224 3562 481 3622">
     <span class='ocr_line' id='line_1_32' title="bbox 224 3562 481 3622; baseline 0 -1"><span class='ocrx_word' id='word_1_302' title='bbox 224 3564 273 3621; x_wconf 92' lang='lat' dir='ltr'><strong>III</strong></span> <span class='ocrx_word' id='word_1_303' title='bbox 294 3563 362 3621; x_wconf 90' lang='lat' dir='ltr'><strong>idus</strong></span> <span class='ocrx_word' id='word_1_304' title='bbox 384 3562 481 3622; x_wconf 87' lang='lat' dir='ltr'><strong>Maias</strong></span> 
     </span>
    </p>

    <p class='ocr_par' dir='ltr' id='par_1_11' title="bbox 224 3661 601 3722">
     <span class='ocr_line' id='line_1_33' title="bbox 224 3661 601 3722; baseline -0.003 -1"><span class='ocrx_word' id='word_1_305' title='bbox 224 3662 304 3721; x_wconf 88' lang='lat' dir='ltr'><strong>XVI</strong></span> <span class='ocrx_word' id='word_1_306' title='bbox 325 3663 472 3722; x_wconf 90' lang='lat' dir='ltr'><strong>kalendas</strong></span> <span class='ocrx_word' id='word_1_307' title='bbox 498 3661 601 3720; x_wconf 90' lang='lat' dir='ltr'><strong>Iunias</strong></span> 
     </span>
    </p>

    <p class='ocr_par' dir='ltr' id='par_1_12' title="bbox 224 3759 1470 3837">
     <span class='ocr_line' id='line_1_34' title="bbox 224 3759 1470 3837; baseline -0.002 -14"><span class='ocrx_word' id='word_1_308' title='bbox 224 3763 332 3823; x_wconf 84' lang='lat' dir='ltr'><strong>XVIII</strong></span> <span class='ocrx_word' id='word_1_309' title='bbox 352 3764 500 3824; x_wconf 85' lang='lat' dir='ltr'><strong>kalendas</strong></span> <span class='ocrx_word' id='word_1_310' title='bbox 518 3762 664 3837; x_wconf 87' lang='lat' dir='ltr'><strong>Octobres</strong></span> <span class='ocrx_word' id='word_1_311' title='bbox 685 3763 726 3823; x_wconf 91' lang='lat' dir='ltr'><strong>M.</strong></span> <span class='ocrx_word' id='word_1_312' title='bbox 747 3761 922 3822; x_wconf 91' lang='lat' dir='ltr'><strong>Petronium</strong></span> <span class='ocrx_word' id='word_1_313' title='bbox 936 3760 1126 3835; x_wconf 74' lang='lat' dir='ltr'><strong>Umbriam,</strong></span> <span class='ocrx_word' id='word_1_314' title='bbox 1148 3760 1183 3820; x_wconf 88' lang='lat' dir='ltr'><strong>L.</strong></span> <span class='ocrx_word' id='word_1_315' title='bbox 1202 3759 1392 3821; x_wconf 48' lang='lat' dir='ltr'><strong>Carminium.</strong></span> <span class='ocrx_word' id='word_1_316' title='bbox 1408 3760 1470 3820; x_wconf 91' lang='lat' dir='ltr'><strong>Lu-</strong></span> 
     </span>
    </p>

    <p class='ocr_par' dir='ltr' id='par_1_13' title="bbox 346 3857 1145 3925">
     <span class='ocr_line' id='line_1_35' title="bbox 346 3857 1145 3925; baseline 0.003 -2"><span class='ocrx_word' id='word_1_317' title='bbox 346 3865 513 3925; x_wconf 80' lang='lat' dir='ltr'><strong>sitonicum.</strong></span> <span class='ocrx_word' id='word_1_318' title='bbox 536 3888 538 3892; x_wconf 52' lang='lat'><strong><em>⁴</em></strong></span> <span class='ocrx_word' id='word_1_319' title='bbox 1143 3857 1145 3861; x_wconf 32' lang='lat'><strong>¹</strong></span> 
     </span>
    </p>

    <p class='ocr_par' dir='ltr' id='par_1_14' title="bbox 142 3963 1473 4729">
     <span class='ocr_line' id='line_1_36' title="bbox 142 3963 1470 4047; baseline -0.002 -23"><span class='ocrx_word' id='word_1_320' title='bbox 142 3966 228 4024; x_wconf 87' lang='lat' dir='ltr'><strong>Haec</strong></span> <span class='ocrx_word' id='word_1_321' title='bbox 252 3965 386 4024; x_wconf 91' lang='lat' dir='ltr'><strong>nundina</strong></span> <span class='ocrx_word' id='word_1_322' title='bbox 406 3973 531 4043; x_wconf 87' lang='lat' dir='ltr'><strong>apparet</strong></span> <span class='ocrx_word' id='word_1_323' title='bbox 552 3967 706 4027; x_wconf 87' lang='lat' dir='ltr'><strong>bimestria</strong></span> <span class='ocrx_word' id='word_1_324' title='bbox 726 3966 834 4039; x_wconf 83' lang='lat' dir='ltr'><strong>fnisse,</strong></span> <span class='ocrx_word' id='word_1_325' title='bbox 862 3975 896 4024; x_wconf 90' lang='lat' dir='ltr'><strong>ut</strong></span> <span class='ocrx_word' id='word_1_326' title='bbox 916 3964 1034 4047; x_wconf 83' lang='lat' dir='ltr'><strong>Bassus</strong></span> <span class='ocrx_word' id='word_1_327' title='bbox 1056 3971 1087 4022; x_wconf 90' lang='lat' dir='ltr'><strong>et</strong></span> <span class='ocrx_word' id='word_1_328' title='bbox 1107 3963 1295 4024; x_wconf 87' lang='lat' dir='ltr'><strong>Verrucosus</strong></span> <span class='ocrx_word' id='word_1_329' title='bbox 1318 3965 1470 4023; x_wconf 89' lang='lat' dir='ltr'><strong>mensibus</strong></span> 
     </span>
     <span class='ocr_line' id='line_1_37' title="bbox 143 4064 1472 4142; baseline 0.001 -20"><span class='ocrx_word' id='word_1_330' title='bbox 143 4065 281 4124; x_wconf 88' lang='lat' dir='ltr'><strong>Ianuario</strong></span> <span class='ocrx_word' id='word_1_331' title='bbox 303 4074 333 4123; x_wconf 90' lang='lat' dir='ltr'><strong>et</strong></span> <span class='ocrx_word' id='word_1_332' title='bbox 346 4065 524 4138; x_wconf 90' lang='lat' dir='ltr'><strong>Februario,</strong></span> <span class='ocrx_word' id='word_1_333' title='bbox 546 4064 670 4126; x_wconf 92' lang='lat' dir='ltr'><strong>Coelius</strong></span> <span class='ocrx_word' id='word_1_334' title='bbox 691 4076 722 4126; x_wconf 92' lang='lat' dir='ltr'><strong>et</strong></span> <span class='ocrx_word' id='word_1_335' title='bbox 735 4067 887 4126; x_wconf 87' lang='lat' dir='ltr'><strong>Iuvenalis</strong></span> <span class='ocrx_word' id='word_1_336' title='bbox 909 4065 1063 4124; x_wconf 90' lang='lat' dir='ltr'><strong>mensibus</strong></span> <span class='ocrx_word' id='word_1_337' title='bbox 1079 4065 1188 4124; x_wconf 85' lang='lat' dir='ltr'><strong>Martio</strong></span> <span class='ocrx_word' id='word_1_338' title='bbox 1210 4072 1241 4125; x_wconf 91' lang='lat' dir='ltr'><strong>et</strong></span> <span class='ocrx_word' id='word_1_339' title='bbox 1255 4065 1365 4142; x_wconf 78' lang='lat' dir='ltr'><strong>Aprili,</strong></span> <span class='ocrx_word' id='word_1_340' title='bbox 1387 4066 1472 4123; x_wconf 92' lang='lat' dir='ltr'><strong>Mon·</strong></span> 
     </span>
     <span class='ocr_line' id='line_1_38' title="bbox 143 4163 1473 4245; baseline -0.001 -22"><span class='ocrx_word' id='word_1_341' title='bbox 143 4175 231 4223; x_wconf 86' lang='lat' dir='ltr'><strong>tanus</strong></span> <span class='ocrx_word' id='word_1_342' title='bbox 258 4174 288 4224; x_wconf 93' lang='lat' dir='ltr'><strong>et</strong></span> <span class='ocrx_word' id='word_1_343' title='bbox 308 4165 435 4225; x_wconf 90' lang='lat' dir='ltr'><strong>Paullus</strong></span> <span class='ocrx_word' id='word_1_344' title='bbox 457 4167 610 4226; x_wconf 88' lang='lat' dir='ltr'><strong>mensibus</strong></span> <span class='ocrx_word' id='word_1_345' title='bbox 631 4168 713 4226; x_wconf 89' lang='lat' dir='ltr'><strong>Maio</strong></span> <span class='ocrx_word' id='word_1_346' title='bbox 735 4176 766 4225; x_wconf 91' lang='lat' dir='ltr'><strong>et</strong></span> <span class='ocrx_word' id='word_1_347' title='bbox 786 4167 874 4224; x_wconf 91' lang='lat' dir='ltr'><strong>Iunio</strong></span> <span class='ocrx_word' id='word_1_348' title='bbox 900 4167 1075 4245; x_wconf 81' lang='lat' dir='ltr'><strong>magistratu</strong></span> <span class='ocrx_word' id='word_1_349' title='bbox 1096 4167 1298 4243; x_wconf 81' lang='lat' dir='ltr'><strong>fungerentur.</strong></span> <span class='ocrx_word' id='word_1_350' title='bbox 1343 4163 1473 4225; x_wconf 87' lang='lat' dir='ltr'><strong>Constat</strong></span> 
     </span>
     <span class='ocr_line' id='line_1_39' title="bbox 143 4260 1471 4342; baseline 0.001 -20"><span class='ocrx_word' id='word_1_351' title='bbox 143 4266 235 4342; x_wconf 82' lang='lat' dir='ltr'><strong>igitur</strong></span> <span class='ocrx_word' id='word_1_352' title='bbox 261 4283 379 4324; x_wconf 91' lang='lat' dir='ltr'><strong>menses</strong></span> <span class='ocrx_word' id='word_1_353' title='bbox 401 4285 455 4326; x_wconf 90' lang='lat' dir='ltr'><strong>sex</strong></span> <span class='ocrx_word' id='word_1_354' title='bbox 477 4267 594 4342; x_wconf 85' lang='lat' dir='ltr'><strong>priores</strong></span> <span class='ocrx_word' id='word_1_355' title='bbox 621 4267 652 4325; x_wconf 91' lang='lat' dir='ltr'><strong>in</strong></span> <span class='ocrx_word' id='word_1_356' title='bbox 674 4260 808 4325; x_wconf 87' lang='lat' dir='ltr'><strong>nundina</strong></span> <span class='ocrx_word' id='word_1_357' title='bbox 828 4267 887 4325; x_wconf 90' lang='lat' dir='ltr'><strong>tria</strong></span> <span class='ocrx_word' id='word_1_358' title='bbox 907 4266 1020 4325; x_wconf 87' lang='lat' dir='ltr'><strong>divisos</strong></span> <span class='ocrx_word' id='word_1_359' title='bbox 1042 4266 1147 4326; x_wconf 81' lang='lat' dir='ltr'><strong>fuisse.</strong></span> <span class='ocrx_word' id='word_1_360' title='bbox 1191 4263 1383 4342; x_wconf 82' lang='lat' dir='ltr'><strong>Quapropter</strong></span> <span class='ocrx_word' id='word_1_361' title='bbox 1404 4285 1471 4324; x_wconf 88' lang='lat' dir='ltr'><strong>cum</strong></span> 
     </span>
     <span class='ocr_line' id='line_1_40' title="bbox 143 4365 1472 4442; baseline -0.002 -18"><span class='ocrx_word' id='word_1_362' title='bbox 143 4375 258 4425; x_wconf 87' lang='lat' dir='ltr'><strong>ceteros</strong></span> <span class='ocrx_word' id='word_1_363' title='bbox 280 4384 397 4426; x_wconf 89' lang='lat' dir='ltr'><strong>menses</strong></span> <span class='ocrx_word' id='word_1_364' title='bbox 419 4385 479 4425; x_wconf 91' lang='lat' dir='ltr'><strong>non</strong></span> <span class='ocrx_word' id='word_1_365' title='bbox 501 4367 589 4425; x_wconf 89' lang='lat' dir='ltr'><strong>aliter</strong></span> <span class='ocrx_word' id='word_1_366' title='bbox 609 4367 773 4442; x_wconf 88' lang='lat' dir='ltr'><strong>dispositos</strong></span> <span class='ocrx_word' id='word_1_367' title='bbox 794 4366 888 4426; x_wconf 84' lang='lat' dir='ltr'><strong>luisse</strong></span> <span class='ocrx_word' id='word_1_368' title='bbox 910 4366 972 4425; x_wconf 89' lang='lat' dir='ltr'><strong>veri</strong></span> <span class='ocrx_word' id='word_1_369' title='bbox 993 4365 1092 4424; x_wconf 88' lang='lat' dir='ltr'><strong>simile</strong></span> <span class='ocrx_word' id='word_1_370' title='bbox 1114 4365 1167 4438; x_wconf 89' lang='lat' dir='ltr'><strong>sit,</strong></span> <span class='ocrx_word' id='word_1_371' title='bbox 1194 4365 1340 4426; x_wconf 89' lang='lat' dir='ltr'><strong>Umbrino</strong></span> <span class='ocrx_word' id='word_1_372' title='bbox 1362 4374 1391 4422; x_wconf 87' lang='lat' dir='ltr'><strong>et</strong></span> <span class='ocrx_word' id='word_1_373' title='bbox 1409 4365 1472 4423; x_wconf 90' lang='lat' dir='ltr'><strong>Lu-</strong></span> 
     </span>
     <span class='ocr_line' id='line_1_41' title="bbox 143 4464 1473 4544; baseline 0 -20"><span class='ocrx_word' id='word_1_374' title='bbox 143 4467 271 4526; x_wconf 89' lang='lat' dir='ltr'><strong>sitanico</strong></span> <span class='ocrx_word' id='word_1_375' title='bbox 303 4483 422 4526; x_wconf 88' lang='lat' dir='ltr'><strong>menses</strong></span> <span class='ocrx_word' id='word_1_376' title='bbox 450 4465 653 4544; x_wconf 89' lang='lat' dir='ltr'><strong>Septembrem</strong></span> <span class='ocrx_word' id='word_1_377' title='bbox 686 4477 716 4525; x_wconf 92' lang='lat' dir='ltr'><strong>et</strong></span> <span class='ocrx_word' id='word_1_378' title='bbox 742 4466 905 4527; x_wconf 86' lang='lat' dir='ltr'><strong>Octobrem</strong></span> <span class='ocrx_word' id='word_1_379' title='bbox 937 4467 1112 4526; x_wconf 87' lang='lat' dir='ltr'><strong>tribuemus.</strong></span> <span class='ocrx_word' id='word_1_380' title='bbox 1161 4465 1283 4525; x_wconf 88' lang='lat' dir='ltr'><strong>Menses</strong></span> <span class='ocrx_word' id='word_1_381' title='bbox 1316 4464 1411 4524; x_wconf 90' lang='lat' dir='ltr'><strong>Iulius</strong></span> <span class='ocrx_word' id='word_1_382' title='bbox 1443 4475 1473 4524; x_wconf 90' lang='lat' dir='ltr'><strong>et</strong></span> 
     </span>
     <span class='ocr_line' id='line_1_42' title="bbox 143 4552 1472 4646; baseline -0.001 -20"><span class='ocrx_word' id='word_1_383' title='bbox 143 4571 317 4646; x_wconf 82' lang='lat' dir='ltr'><strong>Augustus,</strong></span> <span class='ocrx_word' id='word_1_384' title='bbox 350 4568 421 4627; x_wconf 89' lang='lat' dir='ltr'><strong>item</strong></span> <span class='ocrx_word' id='word_1_385' title='bbox 448 4566 621 4637; x_wconf 83' lang='lat' dir='ltr'><strong>November</strong></span> <span class='ocrx_word' id='word_1_386' title='bbox 652 4586 688 4628; x_wconf 90' lang='lat' dir='ltr'><strong>ac</strong></span> <span class='ocrx_word' id='word_1_387' title='bbox 713 4552 881 4629; x_wconf 83' lang='lat' dir='ltr'><strong>December</strong></span> <span class='ocrx_word' id='word_1_388' title='bbox 912 4569 971 4628; x_wconf 87' lang='lat' dir='ltr'><strong>duo</strong></span> <span class='ocrx_word' id='word_1_389' title='bbox 1004 4567 1065 4627; x_wconf 88' lang='lat' dir='ltr'><strong>alla</strong></span> <span class='ocrx_word' id='word_1_390' title='bbox 1096 4566 1249 4626; x_wconf 81' lang='lat' dir='ltr'><strong>effecerint</strong></span> <span class='ocrx_word' id='word_1_391' title='bbox 1276 4582 1398 4626; x_wconf 86' lang='lat' dir='ltr'><strong>necesse</strong></span> <span class='ocrx_word' id='word_1_392' title='bbox 1425 4576 1472 4625; x_wconf 88' lang='lat' dir='ltr'><strong>est</strong></span> 
     </span>
     <span class='ocr_line' id='line_1_43' title="bbox 144 4669 460 4729; baseline 0.003 -1"><span class='ocrx_word' id='word_1_393' title='bbox 144 4669 278 4728; x_wconf 90' lang='lat' dir='ltr'><strong>nundina</strong></span> <span class='ocrx_word' id='word_1_394' title='bbox 299 4670 460 4729; x_wconf 79' lang='lat' dir='ltr'><strong>bimestris.</strong></span> 
     </span>
    </p>

    <p class='ocr_par' dir='ltr' id='par_1_15' title="bbox 145 4766 1474 5151">
     <span class='ocr_line' id='line_1_44' title="bbox 230 4766 1473 4840; baseline -0.002 -12"><span class='ocrx_word' id='word_1_395' title='bbox 230 4771 359 4830; x_wconf 83' lang='lat' dir='ltr'><strong>Etiamsi</strong></span> <span class='ocrx_word' id='word_1_396' title='bbox 380 4770 424 4829; x_wconf 86' lang='lat' dir='ltr'><strong>ita</strong></span> <span class='ocrx_word' id='word_1_397' title='bbox 444 4770 504 4829; x_wconf 90' lang='lat' dir='ltr'><strong>iam</strong></span> <span class='ocrx_word' id='word_1_398' title='bbox 525 4788 561 4828; x_wconf 92' lang='lat' dir='ltr'><strong>eo</strong></span> <span class='ocrx_word' id='word_1_399' title='bbox 583 4770 702 4830; x_wconf 89' lang='lat' dir='ltr'><strong>saeculo</strong></span> <span class='ocrx_word' id='word_1_400' title='bbox 723 4770 872 4829; x_wconf 89' lang='lat' dir='ltr'><strong>interdum</strong></span> <span class='ocrx_word' id='word_1_401' title='bbox 892 4770 925 4829; x_wconf 92' lang='lat' dir='ltr'><strong>in</strong></span> <span class='ocrx_word' id='word_1_402' title='bbox 945 4769 1034 4828; x_wconf 90' lang='lat' dir='ltr'><strong>binos</strong></span> <span class='ocrx_word' id='word_1_403' title='bbox 1056 4784 1175 4828; x_wconf 90' lang='lat' dir='ltr'><strong>menses</strong></span> <span class='ocrx_word' id='word_1_404' title='bbox 1196 4767 1294 4827; x_wconf 82' lang='lat' dir='ltr'><strong>fasces</strong></span> <span class='ocrx_word' id='word_1_405' title='bbox 1315 4766 1377 4826; x_wconf 87' lang='lat' dir='ltr'><strong>dati</strong></span> <span class='ocrx_word' id='word_1_406' title='bbox 1394 4773 1473 4840; x_wconf 85' lang='lat' dir='ltr'><strong>sunt,</strong></span> 
     </span>
     <span class='ocr_line' id='line_1_45' title="bbox 145 4867 1474 4948; baseline -0.001 -21"><span class='ocrx_word' id='word_1_407' title='bbox 145 4872 193 4930; x_wconf 84' lang='lat' dir='ltr'><strong>vel</strong></span> <span class='ocrx_word' id='word_1_408' title='bbox 216 4872 391 4931; x_wconf 83' lang='lat' dir='ltr'><strong>Domitiano</strong></span> <span class='ocrx_word' id='word_1_409' title='bbox 412 4871 578 4947; x_wconf 79' lang='lat' dir='ltr'><strong>Imperante</strong></span> <span class='ocrx_word' id='word_1_410' title='bbox 599 4871 774 4947; x_wconf 90' lang='lat' dir='ltr'><strong>plerumque</strong></span> <span class='ocrx_word' id='word_1_411' title='bbox 799 4869 1033 4948; x_wconf 86' lang='lat' dir='ltr'><strong>quadrimestres</strong></span> <span class='ocrx_word' id='word_1_412' title='bbox 1059 4869 1234 4930; x_wconf 86' lang='lat' dir='ltr'><strong>consulatus</strong></span> <span class='ocrx_word' id='word_1_413' title='bbox 1254 4868 1380 4929; x_wconf 71' lang='lat' dir='ltr'><strong>filerunt.</strong></span> <span class='ocrx_word' id='word_1_414' title='bbox 1423 4867 1474 4926; x_wconf 82' lang='lat' dir='ltr'><strong>Ex</strong></span> 
     </span>
     <span class='ocr_line' id='line_1_46' title="bbox 145 4971 1474 5048; baseline -0.001 -20"><span class='ocrx_word' id='word_1_415' title='bbox 145 4974 234 5030; x_wconf 87' lang='lat' dir='ltr'><strong>annis</strong></span> <span class='ocrx_word' id='word_1_416' title='bbox 261 4973 339 5032; x_wconf 90' lang='lat' dir='ltr'><strong>enim</strong></span> <span class='ocrx_word' id='word_1_417' title='bbox 367 4973 432 5031; x_wconf 90' lang='lat' dir='ltr'><strong>eius</strong></span> <span class='ocrx_word' id='word_1_418' title='bbox 460 4972 613 5041; x_wconf 87' lang='lat' dir='ltr'><strong>omnibus,</strong></span> <span class='ocrx_word' id='word_1_419' title='bbox 642 4990 767 5048; x_wconf 90' lang='lat' dir='ltr'><strong>quoram</strong></span> <span class='ocrx_word' id='word_1_420' title='bbox 790 4978 930 5030; x_wconf 85' lang='lat' dir='ltr'><strong>accurata</strong></span> <span class='ocrx_word' id='word_1_421' title='bbox 950 4971 1057 5030; x_wconf 90' lang='lat' dir='ltr'><strong>notitia</strong></span> <span class='ocrx_word' id='word_1_422' title='bbox 1078 4979 1231 5048; x_wconf 86' lang='lat' dir='ltr'><strong>superest,</strong></span> <span class='ocrx_word' id='word_1_423' title='bbox 1259 4977 1377 5047; x_wconf 85' lang='lat' dir='ltr'><strong>praeter</strong></span> <span class='ocrx_word' id='word_1_424' title='bbox 1397 4987 1474 5042; x_wconf 90' lang='lat' dir='ltr'><strong>eum,</strong></span> 
     </span>
     <span class='ocr_line' id='line_1_47' title="bbox 147 5070 1472 5151; baseline 0 -23"><span class='ocrx_word' id='word_1_425' title='bbox 147 5071 183 5128; x_wconf 89' lang='lat' dir='ltr'><strong>do</strong></span> <span class='ocrx_word' id='word_1_426' title='bbox 206 5093 266 5151; x_wconf 90' lang='lat' dir='ltr'><strong>quo</strong></span> <span class='ocrx_word' id='word_1_427' title='bbox 288 5074 429 5146; x_wconf 83' lang='lat' dir='ltr'><strong>diximus,</strong></span> <span class='ocrx_word' id='word_1_428' title='bbox 452 5072 489 5131; x_wconf 92' lang='lat'><strong>81</strong></span> <span class='ocrx_word' id='word_1_429' title='bbox 515 5073 597 5134; x_wconf 90' lang='lat' dir='ltr'><strong>solus</strong></span> <span class='ocrx_word' id='word_1_430' title='bbox 618 5073 657 5134; x_wconf 89' lang='lat'><strong>88</strong></span> <span class='ocrx_word' id='word_1_431' title='bbox 679 5073 710 5133; x_wconf 89' lang='lat' dir='ltr'><strong>in</strong></span> <span class='ocrx_word' id='word_1_432' title='bbox 731 5071 866 5133; x_wconf 87' lang='lat' dir='ltr'><strong>nundina</strong></span> <span class='ocrx_word' id='word_1_433' title='bbox 886 5071 1038 5132; x_wconf 76' lang='lat' dir='ltr'><strong>bimestris</strong></span> <span class='ocrx_word' id='word_1_434' title='bbox 1060 5071 1176 5132; x_wconf 84' lang='lat' dir='ltr'><strong>videtur</strong></span> <span class='ocrx_word' id='word_1_435' title='bbox 1198 5070 1375 5131; x_wconf 85' lang='lat' dir='ltr'><strong>distributus</strong></span> <span class='ocrx_word' id='word_1_436' title='bbox 1396 5072 1472 5130; x_wconf 84' lang='lat' dir='ltr'><strong>es&#39;se.</strong></span> 
     </span>
    </p>
   </div>
   <div class='ocr_carea' id='block_1_6' title="bbox 648 3573 1420 3681">
    <p class='ocr_par' dir='ltr' id='par_1_16' title="bbox 648 3573 1420 3681">
     <span class='ocr_line' id='line_1_48' title="bbox 648 3573 1420 3681; baseline -0.005 -11"><span class='ocrx_word' id='word_1_437' title='bbox 648 3611 686 3670; x_wconf 89' lang='lat' dir='ltr'><strong>T.</strong></span> <span class='ocrx_word' id='word_1_438' title='bbox 708 3573 833 3670; x_wconf 86' lang='lat' dir='ltr'><strong>Iunium¹</strong></span> <span class='ocrx_word' id='word_1_439' title='bbox 849 3609 1034 3681; x_wconf 88' lang='lat' dir='ltr'><strong>Montanum,</strong></span> <span class='ocrx_word' id='word_1_440' title='bbox 1056 3607 1092 3666; x_wconf 91' lang='lat' dir='ltr'><strong>L.</strong></span> <span class='ocrx_word' id='word_1_441' title='bbox 1109 3607 1241 3668; x_wconf 91' lang='lat' dir='ltr'><strong>Vettium</strong></span> <span class='ocrx_word' id='word_1_442' title='bbox 1263 3609 1420 3681; x_wconf 71' lang='lat' dir='ltr'><strong>Paullum</strong></span> 
     </span>
    </p>
   </div>
   <div class='ocr_carea' id='block_1_7' title="bbox 0 0 1756 5804">
    <p class='ocr_par' dir='ltr' id='par_1_17' title="bbox 0 0 1756 5804">
     <span class='ocr_line' id='line_1_49' title="bbox 0 0 1756 5804; baseline 0 0"><span class='ocrx_word' id='word_1_443' title='bbox 0 0 1756 5804; x_wconf 95' lang='lat' dir='ltr'><strong> </strong></span> 
     </span>
    </p>
   </div>
  </div>
 </body>
</html>
