3480 5804
339 479 411 550 212
886 495 1114 558 ussovsnnr

337 598 491 609 .----ι-

336 678 461 730 trantur.
507 667 641 742 Quorum
668 669 699 726 in
726 669 821 727 altero
847 666 896 743 (C.
912 668 935 726 1.
953 667 1007 728 Gr.
1030 688 1058 726 n.
1075 667 1172 744 4016)
1194 666 1231 725 Τ.
1260 666 1308 726 Fl.
1331 664 1468 727 Gaianas
1496 667 1672 747 appellatur

336 761 566 848 ἅγωνοθετῆτας
588 760 641 841 dir,
664 771 716 826 τοῦ
735 791 765 826 τε
786 771 881 826 κανοῦ
900 771 955 826 τῶν
969 770 1110 827 Γαλατῶν
1131 759 1180 826 καὶ
1201 770 1254 825 τῶν
1275 768 1352 850 ἱερῶν
1370 759 1490 846 ἆγῶνων
1504 770 1561 826 τῶν
1575 758 1673 846 111γᾶ-

336 880 392 929 >cerv
405 863 609 941 ’Aruhansr'wu
621 862 759 938 ’Ῑτὲμῖων
773 863 892 927 Πυθίων
912 859 961 945 καὶ
982 857 1133 953 αρχαρεῦς
1155 871 1206 926 τοῦ
1225 871 1318 926 κοινοῦ
1336 871 1392 927 τῶν
1405 872 1555 937 Γαλατῶν,
1570 874 1672 927 Γαλα-

337 963 461 1055 aalma,
483 961 750 1048 {allampa'vran
772 971 802 1030 in
824 971 917 1030 altero
940 969 989 1047 (C.
1005 970 1030 1029 I.
1046 969 1101 1031 Gr.
1124 991 1152 1029 n.
1169 971 1265 1046 4031)
1287 970 1395 1030 Aelius
1409 969 1536 1030 Macedo
1558 971 1670 1030 dicitur
1699 1042 1705 1053 .

337 1064 584 1158 αρχαρατῶμενος
603 1075 655 1130 τοῦ
674 1074 766 1130 κῶνον
787 1075 842 1129 τῶν
862 1074 1011 1139 Γαλατῶν,
1032 1063 1239 1155 Γαὶατῶρχητ,
1260 1061 1505 1148 σεβαττοφαντησ
1526 1065 1578 1129 διὰ
1598 1063 1670 1135 Βίου

336 1177 391 1233 τῶν
420 1170 500 1232 θεῶν
527 1165 700 1237 §ridenda
742 1172 813 1232 Non
841 1174 963 1232 dubium
993 1183 1053 1244 est,
1081 1174 1155 1249 quin
1184 1174 1215 1231 in
1245 1174 1344 1248 priore
1370 1173 1562 1249 potissimum
1591 1192 1670 1232 vana

336 1278 410 1336 insit
429 1276 660 1335 honorificarum
682 1275 917 1352 appellationum
939 1275 1109 1334 cumulatio.
1146 1272 1226 1333 Nam
1249 1274 1273 1332 si
1297 1272 1481 1333 Galatarcha
1501 1274 1558 1332 fuit
1573 1272 1668 1334 Gais-

336 1397 411 1449 nus,
439 1378 495 1436 fuit
520 1378 609 1435 etiarn
636 1366 822 1451 ἀγωνοθέτης
848 1393 944 1451 neque
971 1376 1001 1434 id
1023 1376 1184 1451 separatim
1205 1394 1277 1451 prae
1299 1393 1332 1433 se
1354 1375 1431 1433 ferre
1452 1375 1562 1433 debuit.
1608 1373 1670 1436 Sed

336 1491 452 1541 ceteras
474 1478 634 1556 dignitates
656 1487 735 1537 recte
757 1477 928 1553 distinguet,
951 1477 1003 1552 qui
1025 1477 1202 1548 meminerit,
1224 1475 1261 1534 ad
1276 1476 1475 1535 sacerdotium
1489 1476 1669 1553 provinciae

336 1582 485 1639 neminem
506 1579 680 1656 pervenisse
701 1579 759 1637 uisi
780 1579 832 1653 qui
854 1579 885 1636 in
900 1595 957 1636 sua
971 1578 1091 1636 civitate
1106 1577 1244 1637 omnibus
1260 1577 1423 1636 honoribus
1439 1577 1559 1636 functus
1573 1586 1668 1636 esset

337 1679 388 1742 Sic
410 1681 557 1758 Euryclea
585 1681 636 1739 ille
663 1679 743 1755 apud
764 1679 968 1756 Waddingtou
998 1678 1122 1737 112741
1153 1678 1281 1756 primum
1308 1678 1365 1737 luit
1391 1672 1541 1761 αρχαρεῦτ
1560 1671 1665 1739 Ἀτίας

337 1783 409 1839 ναῶν
423 1783 478 1838 τῶν
493 1780 520 1838 ἐν
535 1773 657 1863 Σμύρνη,
678 1780 782 1838 deinde
805 1780 977 1858 designatus
999 1788 1047 1840 est
1068 1773 1220 1862 ἇρχιεηεῦς
1233 1769 1404 1850 τῆτἈτῖας.
1441 1778 1556 1837 Eodem
1576 1779 1669 1839 modo

336 1891 366 1940 et
388 1880 526 1942 Gaianas
548 1889 578 1940 et
599 1882 725 1940 Macedo
746 1881 875 1958 primurn
896 1882 979 1940 fuere
1001 1872 1249 1955 Σεβαπνφάντςα
1272 1871 1424 1947 61613ιό11,
1445 1881 1506 1939 i.e.
1529 1881 1669 1939 flamines

336 1983 471 2061 perpetui
499 1984 629 2041 civitatis
652 1984 804 2057 Ancyrae,
832 1981 938 2040 deinde
960 1982 1030 2040 lacti
1052 1991 1121 2040 suut
1141 1977 1284 2063 ἀρχιερεῖς
1304 1983 1356 2037 τοῦ
1375 1982 1469 2037 κοινοῦ
1488 1983 1542 2036 τῶν
1564 1984 1665 2037 retm-

336 2087 406 2151 τῶν,
431 2084 462 2142 id
489 2092 536 2142 est
561 2074 735 2143 sacerdotes
756 2082 860 2160 templi
881 2082 963 2141 illins
985 2082 1183 2153 celeberrimi,
1209 2080 1289 2156 quod
1312 2081 1451 2158 Ancyrae
1473 2091 1669 2142 exstruxerat

336 2181 367 2243 ri
389 2181 479 2247 κοινδν
500 2186 653 2250 Γαλατῶν,
678 2183 815 2259 talesque
841 2184 946 2260 templi
973 2182 1144 2241 sacerdotes
1172 2182 1356 2259 intelligendi
1377 2191 1461 2254 sunt,
1486 2182 1587 2259 qualis
1608 2182 1670 2241 tuit

335 2281 489 2369 ripqqeepsdc
508 2277 609 2346 ’Arius
630 2287 701 2342 ναοῦ
721 2285 774 2340 τοῦ
794 2282 822 2340 ἒν
842 2274 955 2358 Ἐφὲτῳ
977 2285 1070 2340 κοινοῦ
1090 2284 1140 2352 τῆς
1160 2276 1261 2341 Ἀντάς
1287 2294 1317 2343 et
1341 2284 1445 2354 ceteri,
1473 2301 1550 2359 quos
1573 2301 1669 2359 supra

335 2389 553 2458 recensuimus;
575 2383 728 2463 postremo
750 2385 841 2444 creati
864 2393 935 2443 sunt
955 2382 1165 2456 Galatarchae,
1189 2392 1222 2442 ut
1244 2384 1319 2443 nihil
1339 2384 1370 2442 iu
1391 2385 1439 2443 hie
1460 2384 1666 2461 inscriptioni·

335 2493 390 2549 bus
411 2488 589 2557 inveniatur,
611 2487 692 2562 quod
713 2505 798 2545 meae
819 2486 983 2546 sententiae
1005 2487 1116 2563 opponi
1137 2486 1245 2562 possit.
1283 2483 1344 2546 Sed
1364 2486 1437 2544 haec
1460 2485 1609 2544 sufficiant
1628 2485 1667 2544 de

335 2592 480 2650 Asiaticis
501 2589 673 2666 provinciis.
1611 2641 1614 2645 ,

421 2692 468 2750 18.
512 2689 622 2749 Casca
644 2708 712 2748 cum
728 2687 912 2748 Oranusrca
933 2689 1090 2748 coniuncta
1111 2689 1167 2747 fuit
1188 2706 1282 2765 usque
1303 2688 1341 2746 ad
1357 2687 1588 2759 Diocletianum,
1610 2689 1667 2748 sed

335 2811 422 2853 suum
441 2786 530 2849 κοινὸν
552 2792 667 2862 habuit,
693 2790 777 2849 cuius
798 2808 906 2849 nomen
928 2790 1103 2866 inscriptum
1125 2799 1173 2849 est
1192 2791 1322 2849 nummis
1345 2788 1532 2849 Cretensium
1553 2789 1623 2849 inde
1646 2809 1667 2847 a

336 2894 458 2952 Tiberio
480 2911 576 2969 usque
598 2893 635 2950 ad
652 2892 693 2949 M.
709 2891 876 2949 Aurelium.
913 2891 1013 2950 Etiam
1035 2899 1105 2969 post
1119 2890 1342 2951 Diocletianum
1362 2891 1394 2948 in
1414 2891 1666 2967 inscriptionibus

335 2995 461 3053 habetur
473 2983 646 3074 Κρηταρχης
668 2989 716 3065 (Ο.
733 2992 757 3049 Ι.
771 2989 825 3049 Gr.
842 3011 870 3049 n.
884 2991 991 3067 2741),
1014 2986 1104 3048 neside
1118 2994 1172 3048 τῶν
1188 2991 1299 3073 Κρητῶν
1322 2991 1375 3066 (ib.
1392 2991 1542 3067 112583),
1565 2979 1665 3068 dc'ryutce

334 3093 386 3151 ruti
403 3094 497 3150 κοινοῦ
517 3094 568 3162 τῆς
588 3091 702 3170 Κρητῶν
723 3084 868 3170 ἐπαρχίας
890 3091 933 3166 (11.
950 3091 1059 3167 2595),
1083 3081 1181 3167 δὸγμα
1202 3093 1254 3148 τοῦ
1273 3092 1368 3149 κοινοῦ
1387 3081 1484 3160 mim
1504 3093 1554 3160 τῆς
1574 3091 1664 3176 ἐταρ-

335 3186 409 3271 χίας
430 3195 473 3268 (11.
490 3192 580 3252 2596.
602 3190 708 3267 2597).
752 3191 946 3251 Memorabile
973 3200 1031 3263 est,
1059 3192 1137 3269 quod
1164 3193 1195 3250 in
1220 3193 1309 3252 inser.
1331 3212 1360 3251 n.
1377 3190 1458 3251 2583
1481 3210 1665 3252 commemo·

333 3304 417 3354 ratur
442 3287 512 3378 ispdc
532 3287 614 3370 dyeia
634 3287 848 3376 asvrasrqpradc
867 3294 919 3350 τοῦ
937 3293 1032 3349 κανοῦ
1052 3294 1107 3349 τῶν
1128 3294 1243 3376 Κρητῶν
1269 3313 1307 3352 ex
1332 3311 1391 3369 quo
1419 3294 1488 3370 quis
1514 3293 1664 3367 conficiat,

333 3397 437 3474 quinto
464 3413 583 3473 quoque
610 3413 689 3453 anno
719 3394 876 3453 concilium
905 3393 1092 3454 Cretensium
1121 3410 1190 3453 esse
1215 3394 1357 3452 habitum.
1401 3393 1450 3452 De
1476 3392 1664 3472 Cyrenaicae

333 3499 460 3557 concilio
482 3497 555 3554 nihil
577 3505 679 3555 notum
702 3503 756 3555 est.

420 3601 467 3659 19.
511 3598 688 3656 Pnovuucra
708 3596 944 3667 Taurasinus,
966 3614 1043 3672 quae
1065 3605 1095 3654 et
1115 3595 1184 3672 ipsa
1205 3597 1263 3654 sub
1283 3595 1475 3655 Diocletiano
1497 3597 1663 3657 constituta

333 3708 394 3771 est,
420 3717 530 3757 nomen
558 3699 648 3756 habet
673 3716 692 3753 a
717 3696 843 3756 concilio
871 3697 959 3755 trium
985 3697 1151 3766 civitatum,
1178 3697 1216 3754 ad
1243 3697 1322 3773 quod
1344 3698 1532 3773 pertinebant
1552 3696 1662 3774 Leptis

333 3818 456 3877 magna,
487 3797 568 3869 Oea,
601 3795 745 3866 Sabrata,
777 3806 931 3873 praeterea
964 3804 1063 3854 autem
1092 3797 1203 3874 oppida
1230 3797 1384 3875 complura
1408 3798 1533 3856 minora.
1583 3798 1661 3858 Eius

333 3900 450 3959 concilii
471 3908 578 3974 quarto
599 3898 689 3955 etiam
711 3898 831 3956 saeculo
852 3896 987 3955 meminit
1001 3897 1179 3956 Ammianus
1200 3895 1249 3970 28,
1266 3897 1294 3970 6,
1311 3898 1344 3956 t:
1370 3898 1544 3975 Tripolitan'
1562 3930 1601 3942 ·-—
1619 3933 1659 3943 -

331 4001 457 4076 adlapsa
479 4001 603 4075 1νηὶιίαο
625 3999 670 4056 die
692 3998 814 4068 conatii,
837 4000 915 4074 qued
935 3999 1016 4073 apud
1035 4016 1081 4057 sos
1104 4009 1145 4057 est
1165 4017 1300 4072 annuum,
1324 3998 1456 4059 Seuerum
1477 4009 1504 4058 et
1517 3999 1654 4061 Flaccia-

330 4120 397 4160 num
418 4118 546 4159 oravere
568 4100 684 4175 lepatoa.

416 4199 465 4260 20.
510 4199 632 4260 Ceteras
655 4199 778 4259 Africae
798 4200 1040 4276 septentrionalis
1063 4202 1250 4278 provincias,
1273 4203 1418 4262 Ararcsu
1440 4217 1660 4262 succursura·

330 4322 409 4378 narr,
438 4302 622 4373 Nvururau,
651 4302 889 4360 Mavunrsruau
911 4299 1176 4375 censeamusmr,
1205 4303 1309 4381 paucis
1339 4304 1496 4363 absolvere
1522 4320 1659 4380 possum,

329 4416 490 4484 postquam
512 4405 549 4462 de
572 4422 673 4461 earum
695 4412 726 4461 et
743 4402 878 4461 conciliis
892 4412 923 4461 et
937 4403 1143 4462 sacerdotibus
1158 4404 1387 4484 diligentissime
1402 4403 1463 4480 egit
1477 4403 1515 4463 0.
1531 4403 1659 4465 Hirscb-
1674 4396 1678 4405 '

328 4506 389 4565 feld
411 4506 442 4564 in
463 4507 543 4562 Anu.
567 4506 637 4563 inst.
659 4505 739 4562 arch.
771 4503 859 4562 Rom
882 4521 909 4561 a.
928 4502 1006 4564 1866
1029 4523 1058 4580 p.
1075 4504 1212 4564 69-77.

412 4608 536 4665 Armua
561 4619 819 4664 ruocousvaams
846 4602 885 4662 ad
910 4604 1070 4664 concilium
1097 4607 1294 4667 conveniebat
1322 4604 1535 4684 Carthaginem
1565 4602 1656 4682 (coa.

329 4708 387 4767 Tb.
407 4706 454 4779 12,
473 4706 585 4778 1,145.
604 4704 676 4781 176)
699 4705 945 4780 sacerdotemque
965 4704 1103 4780 habebat,
1125 4708 1178 4783 qui
1199 4708 1320 4786 expleto
1342 4707 1510 4767 sacerdotio
1531 4706 1561 4765 in
1575 4705 1658 4784 ordi·

327 4827 396 4867 nem
416 4808 636 4867 caedentium
655 4806 855 4883 recipiebatur
875 4803 1064 4880 (Hirschfeld
1084 4826 1114 4884 p.
1132 4807 1271 4886 69sqq.)‚
1291 4826 1419 4886 quorum
1441 4815 1471 4866 et
1490 4808 1522 4867 in
1539 4806 1658 4885 legibus

329 4906 482 4982 (Gothofr.
505 4906 636 4984 paratitl.
663 4907 702 4965 ad
723 4904 799 4966 Cod.
822 4906 881 4966 Th.
904 4905 953 4979 16,
969 4906 1021 4983 10)
1045 4917 1076 4966 et
1096 4909 1177 4987 apud
1197 4910 1359 4986 scriptores
1381 4908 1544 4985 (Ammian.
1560 4906 1611 4979 28,
1626 4908 1656 4966 6.

330 5007 382 5081 10)
409 5015 440 5066 et
465 5008 496 5065 in
521 5006 768 5084 inscriptionibus
794 5006 934 5083 frequens
960 5013 1008 5067 est
1032 5010 1153 5069 mentio.
1196 5009 1233 5069 V.
1255 5010 1367 5070 Renier
1386 5002 1482 5069 Insc'r.
1505 5011 1541 5068 de
1561 5007 1655 5085 t’Atp.

326 5126 355 5165 u.
375 5105 424 5165 28.
448 5108 535 5166 1440.
559 5105 758 5168 15271716.
782 5108 871 5169 1851.
894 5105 991 5181 tatu
1019 5107 1135 5171 Guc'rin
1161 5110 1230 5190 Vey.
1256 5111 1382 5172 archiol.
1404 5111 1420 5169 1
1447 5131 1475 5171 n.
1494 5111 1541 5170 35.
1591 5106 1655 5169 Sub
