3480 5804
632 504 682 555 nu
700 503 911 557 rnaaracro
928 468 1110 560 cauturus.
1460 494 1529 564 101

1129 607 1535 624 ...Q

288 675 507 751 Exemplorum
528 693 606 752 quae
629 693 721 753 supra
736 678 905 749 rettulimus
919 688 1055 754 tempora
1069 679 1120 755 qni
1135 681 1286 756 spectarit,
1308 683 1468 758 perspiciet
1481 703 1533 742 ex-

205 776 301 852 ceptis
323 784 465 852 quattuor
478 776 549 848 illis,
572 795 648 852 quos
660 779 808 854 principio
823 779 921 853 posui,
942 797 1045 838 omnes
1059 781 1228 857 praefectos
1242 782 1370 859 legionis
1385 783 1534 858 pertinere

205 877 244 935 ad
265 882 394 936 aetatem
415 875 519 937 Severi
539 878 666 954 imperio
686 897 746 937 nou
767 880 981 955 antiquiorem:
1004 881 1160 939 mirabitur
1180 892 1280 940 autem
1302 882 1390 955 idem,
1416 883 1533 958 opinor,

205 977 296 1052 quod,
322 995 390 1036 eum
411 979 531 1036 saeculo
553 979 640 1038 tertio
660 986 722 1038 tam
742 979 914 1056 frequentes
935 981 1135 1052 inveniantur,
1157 990 1245 1040 antea
1266 989 1329 1041 tam
1349 984 1408 1042 rari
1431 1002 1533 1042 occur·

204 1086 282 1147 rant,
303 1087 394 1154 atque
415 1099 451 1137 eo
472 1079 628 1138 inclinabit
648 1089 680 1138 ut
700 1081 868 1157 praefectos
890 1081 1018 1157 legionis
1040 1082 1142 1140 credat
1162 1089 1214 1140 aut
1231 1083 1437 1158 magistratum
1452 1085 1533 1142 ordi·

205 1178 321 1237 narium
337 1180 523 1257 temporibus
545 1182 697 1256 prioribus
719 1200 779 1239 non
800 1182 891 1240 fuisse
904 1183 1075 1242 institutum
1090 1189 1150 1252 aut,
1173 1184 1199 1241 si
1214 1183 1334 1255 fuerint,
1356 1185 1532 1261 plerumque
1617 1217 1620 1221 ·

205 1279 267 1337 alio
290 1279 378 1337 modo
400 1280 568 1356 appellatos
590 1298 667 1340 esse.
703 1281 769 1341 Nos
789 1283 821 1340 in
837 1301 979 1359 praesens
994 1285 1113 1359 quidem
1128 1284 1294 1358 praefectos
1309 1284 1378 1343 illos
1393 1295 1533 1360 quattuor

205 1380 366 1452 mittemus,
388 1399 459 1439 mox
482 1381 554 1458 quid
575 1381 612 1439 de
633 1382 672 1440 iis
695 1384 886 1442 statuendum
909 1385 949 1442 sit
965 1384 1167 1460 disceptaturi,
1189 1385 1308 1460 iamque
1323 1384 1360 1442 dc
1374 1385 1532 1461 praefectis

205 1478 333 1557 legionis
355 1482 466 1540 saeculi
488 1483 568 1540 tertii
589 1501 777 1558 quaeremus.

288 1580 372 1639 Inter
393 1583 563 1658 praefectos
584 1583 745 1660 legionum,
767 1603 893 1660 quorum
916 1585 1053 1644 novimus
1073 1586 1217 1643 honorum
1233 1602 1363 1656 nursam,
1385 1606 1472 1645 nemu
1487 1595 1534 1645 est

205 1681 256 1757 qui
278 1682 428 1757 stipendia
449 1685 652 1742 centurionica
673 1696 742 1743 aute
763 1686 980 1762 praefecturam
1002 1704 1063 1744 non
1078 1685 1181 1745 feccrit
1202 1686 1246 1760 (n.
1263 1688 1292 1745 8.
1307 1687 1334 1745 9.
1354 1686 1401 1744 10.
1419 1688 1466 1745 11.
1484 1688 1532 1745 15.

206 1780 256 1841 24.
273 1780 322 1841 28.
338 1785 387 1842 31.
404 1782 452 1843 32.
469 1786 519 1843 33.
536 1785 585 1844 35.
602 1784 641 1843 36
653 1785 693 1861 ¹),
718 1794 750 1844 ut
771 1805 824 1845 eos
845 1787 982 1844 homines
1002 1786 1098 1844 fuisse
1119 1796 1266 1864 appareat
1286 1787 1443 1846 humiliore
1465 1788 1533 1845 loco

204 1892 309 1955 natos,
335 1885 386 1961 qui
410 1886 480 1944 inde
506 1904 526 1943 a
547 1886 643 1962 caliga
665 1887 803 1946 adhunc
825 1887 924 1945 locum
945 1888 1144 1963 pervenerint.
1188 1888 1303 1947 Omnes
1325 1893 1425 1945 tamen
1445 1895 1535 1947 antea

206 2001 352 2044 summurn
372 1987 608 2046 centurionatum
629 1988 649 2046 i.
665 2009 692 2046 e.
714 1988 927 2063 primipilatum
941 1999 1109 2066 gesserunt,
1131 1998 1249 2065 praeter
1263 2007 1355 2046 uuum
1370 1986 1409 2047 G.
1423 1988 1533 2047 Iulium

206 2083 356 2145 (laninam
376 2085 420 2161 (n.
434 2088 497 2164 11),
518 2088 571 2164 qui
592 2109 631 2148 ex
653 2089 817 2149 trecenario
839 2088 1007 2164 praefectus
1030 2089 1158 2166 legionis
1180 2089 1278 2146 factus
1300 2098 1360 2159 est3
1383 2089 1413 2146 id
1435 2095 1534 2147 tamen

205 2205 244 2244 ne
264 2188 396 2247 mireris:
419 2190 602 2248 trecenarius
623 2191 702 2248 euim
725 2189 876 2266 primipilo
893 2191 940 2249 vel
962 2210 1017 2265 par
1037 2197 1102 2248 erat
1115 2189 1163 2247 vel
1185 2197 1264 2247 certe
1279 2191 1448 2266 proximum
1463 2198 1535 2266 post

206 2307 274 2347 eum
299 2288 398 2348 locum
422 2290 589 2362 obtinebat,
618 2291 662 2348 ita
688 2299 720 2348 ut
745 2291 872 2365 primum
899 2291 988 2349 etiam
1015 2291 1179 2367 principem
1201 2290 1346 2366 dignitate
1368 2298 1533 2365 superaret.

205 2389 282 2448 Post
302 2391 541 2450 centurionatum
562 2391 707 2449 minorem
734 2400 803 2448 ante
823 2391 1038 2468 primipilatum
1061 2391 1247 2466 praefectura
1266 2390 1392 2466 legionis
1414 2393 1534 2465 ponitur

204 2489 236 2547 iu
259 2490 346 2548 titulo
367 2510 397 2549 n.
414 2492 464 2562 31,
490 2492 541 2550 vix
566 2499 667 2551 tamen
690 2491 794 2549 eodem
815 2493 920 2550 ordine
941 2492 982 2549 M.
1005 2491 1056 2549 ille
1078 2491 1204 2567 Apicius
1227 2490 1300 2548 Trio
1322 2509 1446 2547 munera
1466 2508 1533 2549 sus-

204 2591 298 2667 cepit;
320 2592 459 2667 equidem
480 2592 510 2650 in
532 2593 620 2650 titulo
641 2593 741 2669 potius
764 2610 918 2650 munerum
941 2591 1076 2649 ordinem
1098 2590 1255 2649 confusum
1276 2590 1480 2667 Trionemque
1502 2599 1534 2649 ut

203 2692 338 2767 reliquos
359 2702 429 2768 post
448 2693 664 2771 primipilatum
686 2693 804 2750 demum
825 2692 1014 2768 praefectura
1033 2691 1166 2750 functum
1186 2708 1253 2749 esse
1267 2690 1397 2766 putarim
1407 2685 1448 2766 2).
1484 2690 1533 2749 Ex

202 2792 273 2870 ipso
292 2794 478 2869 primipilatu
500 2794 539 2851 ad
560 2794 775 2870 praefecturam
791 2800 989 2869 pervenerunt
1009 2813 1039 2851 n.
1057 2794 1104 2850 10.
1122 2792 1170 2849 15.
1186 2789 1236 2848 24.
1252 2789 1301 2849 28.
1317 2790 1410 2864 (stt).
1427 2788 1476 2848 32.
1493 2792 1532 2849 33

205 2893 403 2970 (primipilatu
417 2894 548 2969 iterato).
565 2894 614 2952 35.
651 2893 749 2968 Quam
770 2902 834 2952 arte
854 2904 955 2953 autem
974 2892 1161 2969 praefectura
1180 2891 1415 2968 primipilaritati
1433 2892 1534 2949 iuncta

202 2994 308 3066 fuerit,
336 2994 400 3053 eius
425 2995 470 3053 rei
495 2996 581 3054 testis
607 2994 680 3052 mihi
708 2995 835 3071 insignis
862 2994 978 3052 ridetur
1004 3011 1071 3053 esse
1093 2992 1141 3051 Ti.
1171 2991 1317 3051 Claudius
1347 2991 1533 3052 Secundiuus

203 3094 247 3170 (n.
264 3094 330 3171 33),
351 3095 402 3172 qui
423 3113 490 3154 cum
512 3104 583 3171 post
603 3096 732 3172 priorem
754 3094 970 3170 primipilatum
992 3094 1143 3171 stipendia
1162 3093 1314 3169 equestria
1327 3092 1458 3164 fecisset,
1480 3110 1531 3150 an·

204 3206 324 3272 tequam
349 3196 517 3275 praefectus
545 3198 642 3267 ficret,
668 3196 765 3255 denuo
792 3196 1007 3272 primipilatum
1028 3195 1124 3272 gessit
1145 3212 1272 3269 eumque
1293 3194 1437 3265 fortasse,
1464 3212 1533 3251 cum

201 3296 282 3374 legio
303 3315 364 3357 nou
384 3297 522 3370 addatur,
543 3297 768 3374 imaginarium
797 3313 892 3372 quare
912 3313 972 3354 uon
993 3295 1106 3365 dubito,
1127 3294 1202 3369 quin
1222 3294 1258 3351 L.
1282 3292 1438 3353 Cominius
1459 3313 1533 3369 quo·

202 3416 261 3473 que
283 3397 326 3473 (n.
343 3398 376 3473 8)
398 3399 493 3457 altero
515 3399 699 3475 primipilatu
721 3406 792 3473 post
812 3398 994 3455 tribunatum
1016 3394 1148 3453 cohortis
1171 3393 1339 3470 praetoriae
1361 3401 1430 3451 ante
1447 3413 1533 3469 prae-

202 3498 347 3559 facturam
371 3499 499 3576 legionis
521 3501 641 3558 functus
663 3499 715 3568 sit3
742 3499 874 3571 itemque
895 3516 923 3554 n.
943 3498 981 3554 10
1002 3494 1188 3571 primipilatu
1210 3493 1386 3568 imaginario
1407 3502 1532 3552 ornatus

202 3600 417 3673 videturesse,
440 3609 471 3658 ut
492 3607 573 3659 recte
593 3599 662 3657 iude
682 3598 720 3656 ad
741 3597 958 3673 praefecturam
981 3601 1215 3671 promoveretur.
1252 3593 1462 3668 Legionariam
1476 3594 1531 3650 mi·

202 3702 299 3761 litium
324 3707 444 3777 praeter
468 3702 693 3760 centurionatus
720 3699 855 3758 exercuit
879 3715 981 3769 nemo,
1007 3698 1152 3755 urbanam
1179 3701 1334 3771 quattuor3
1363 3712 1433 3753 nam
1460 3714 1489 3752 n.
1512 3693 1530 3752 8

203 4002 385 4067 interpretabar
408 3999 613 4062 curn(icularius)
635 3999 837 4066 pdaejeetorum)
863 3998 1007 4065 le9(ionum)
1032 4003 1092 4058 cet,
1119 4010 1248 4061 nunquam
1272 3995 1339 4045 enim
1358 3995 1386 4043 id
1404 3995 1474 4059 quod
1492 4001 1530 4043 est

199 4091 328 4159 prudenti
343 4089 393 4141 duo
412 4093 565 4156 compendio
585 4095 679 4137 stt-en
698 4091 774 4141 scribi
794 4098 902 4155 poterat.
932 4090 1071 4140 Praeterea
1089 4088 1160 4137 nullo
1179 4087 1257 4136 modo
1271 4086 1383 4138 Sabinus
1401 4100 1433 4133 ex
1447 4084 1530 4134 corni·

205 4183 301 4235 culario
316 4183 402 4233 statim
421 4184 567 4248 primipilus
584 4183 639 4232 fleri
659 4189 768 4247 poterat,
789 4182 887 4231 minore
907 4181 1085 4230 centurionatu
1097 4179 1169 4227 nullo
1181 4177 1325 4237 interiecto;
1345 4174 1442 4223 excidit
1453 4174 1531 4236 igitur

204 4276 360 4326 centurionis
383 4281 446 4324 uota
466 4278 479 4319 7
500 4274 699 4338 legendumque:
724 4271 927 4333 combusturus)
945 4268 1093 4337 pr(uefecti)
1108 4267 1269 4334 pr(aetorir)‚
1290 4263 1422 4325 (centurio)
1442 4262 1528 4327 039(ιό-

205 4364 271 4426 num)
289 4371 336 4415 cet.

281 4473 306 4536 ¹)
331 4474 401 4525 Nam
426 4487 484 4523 eum
509 4487 610 4538 quoque
635 4473 809 4522 centurionem
831 4472 911 4521 fuisse
937 4484 968 4520 ex
995 4470 1070 4520 XLV
1094 4466 1229 4532 stipendiis
1252 4478 1318 4530 quae
1343 4459 1450 4511 emeruit
1474 4466 1529 4508 tuto

205 4565 323 4617 concludi
340 4571 434 4631 potest.

281 4670 306 4736 ⁹)
331 4675 454 4725 Fortasse
472 4674 549 4723 etiam
567 4671 683 4722 consulto
702 4685 809 4721 munera
821 4670 871 4720 hoe
883 4669 974 4720 ordine
987 4668 1146 4719 exhibentur.
1178 4662 1353 4727 Primipilares
1366 4660 1434 4710 enim
1445 4664 1529 4709 aetate

204 4766 371 4832 imperatoria
388 4765 493 4815 fuerunt
511 4763 575 4813 ordo
594 4763 735 4827 privilegiis
753 4763 815 4811 satis
833 4762 925 4825 amplis
945 4759 1070 4820 munitus;
1095 4756 1155 4806 inde
1173 4755 1268 4805 facturn
1287 4760 1333 4813 est,
1357 4758 1385 4801 ut
1402 4751 1430 4800 iu
1448 4749 1528 4799 titulis

204 4871 294 4908 eorum
311 4870 389 4921 saepe
407 4856 492 4906 statim
512 4861 571 4918 post
588 4868 683 4903 nomeu
701 4853 846 4903 adiceretur
864 4855 911 4897 tt>
931 4857 993 4901 nota
1011 4850 1029 4899 i.
1043 4863 1066 4898 e.
1085 4846 1263 4912 primipilaris,
1285 4844 1377 4893 eodem
1395 4857 1456 4903 mu,
1476 4855 1528 4905 quo

204 4948 305 4999 nomini
322 4947 436 5012 equitum
449 4946 625 4998 Romuuomm
644 4944 754 4993 adicitur
772 4958 838 5007 equo
858 4942 968 5006 publico,
989 4946 1122 5003 aetateque
1141 4938 1258 5003 aequiore
1270 4948 1365 4986 nomen
1377 4934 1450 4998 sequi
1462 4932 1529 4982 solet

203 5039 245 5088 nir
263 5037 428 5099 clarimimna,
442 5036 639 5103 perfectissimas
658 5041 703 5085 cet.
739 5034 772 5085 Id
790 5033 898 5084 fortasse
916 5033 944 5082 in
963 5032 1012 5082 hoc
1032 5044 1131 5095 quoque
1149 5029 1224 5079 titulo
1242 5027 1337 5079 factum
1357 5025 1402 5086 ita,
1422 5030 1450 5074 ut
1470 5023 1527 5073 bre·

204 5129 289 5181 vitatis
308 5144 386 5182 causa
405 5130 490 5181 statim
508 5129 646 5180 adderetur
665 5126 742 5176 etiam
760 5125 836 5188 legio.
