3480 5804
309 473 385 544 234
900 488 1045 541 sosnsu

307 665 418 739 possit:
450 679 632 738 quamquam
659 661 696 719 de
722 662 779 719 hoc
804 663 944 739 exemplo
972 662 1044 738 quid
1076 640 1266 719 statuendum
1293 658 1334 716 sit
1358 658 1438 715 intra
1463 657 1638 716 accuratius

308 773 476 839 quaeretur.
523 763 650 838 denique
671 763 815 821 habemus
838 763 876 821 de
898 762 1050 821 Fortunae
1074 759 1229 819 muliebris
1252 759 1331 816 sacri
1352 759 1466 836 origine
1487 757 1640 816 narratio·

308 882 377 922 nem
398 863 487 939 louge
508 864 717 938 gravissimam
740 863 820 938 apud
840 864 1021 939 Dionysium
1044 864 1072 934 8,
1095 862 1133 921 55
1156 879 1182 920 s.
1225 867 1349 919 senatus
1374 860 1467 937 igitur
1490 859 1641 936 populus·

310 981 368 1038 que
395 962 549 1021 Romanus
576 965 608 1021 in
635 966 778 1023 honorem
808 964 913 1022 matris
941 961 1095 1022 Oariclani
1120 962 1273 1020 Fortunae
1304 960 1438 1017 muliebri
1468 959 1571 1018 aedem
1601 976 1640 1018 eo

308 1062 386 1133 loco,
408 1064 459 1121 ubi
480 1064 535 1121 illa
554 1065 649 1123 tilium
668 1064 842 1141 placaverit,
864 1063 1030 1122 faciendam
1045 1073 1223 1122 censuerunt
1244 1052 1354 1127 τέμενος
1373 1082 1405 1116 τε
1427 1055 1537 1127 ῶνηθέν
1557 1054 1639 1117 καθ·

309 1157 461 1244 ιερωθῆναι
491 1165 527 1240 τῇ
556 1160 623 1239 θεῷ
660 1164 731 1240 (hoc
763 1174 811 1223 est
842 1165 935 1223 lucum
967 1165 1187 1223 consecrandum
1212 1163 1278 1221 sive
1303 1161 1505 1236 dedicandum)
1538 1149 1587 1216 uui
1609 1159 1640 1216 ἐν

309 1256 389 1336 αὐτῷ
410 1256 476 1320 νεῶν
496 1253 545 1320 καὶ
565 1255 667 1328 Bouto
689 1262 727 1325 ῶς
748 1252 783 1320 ctu
805 1264 828 1321 οἱ
848 1255 1037 1346 ἷερνμνῆμονες
1057 1260 1219 1344 ἐξηγῶνται
1241 1256 1480 1330 συντελεσθῆναι.
1512 1259 1642 1319 Valeria

308 1371 426 1420 creatur
447 1364 598 1436 sacerdos,
620 1365 761 1424 mulieres
784 1383 871 1424 saera
891 1366 988 1441 prima
1008 1364 1123 1423 iaciunt
1144 1352 1212 1445 ὑπὲρ
1232 1364 1286 1419 τοῦ
1306 1351 1395 1428 δέμον
1422 1360 1492 1436 (pro
1509 1359 1640 1437 populo)

310 1503 318 1519 .
342 1505 350 1520 .
372 1453 417 1518 inl
443 1465 494 1520 τοῦ
519 1457 811 1527 κατασκευασθέντος
839 1463 867 1522 έν
898 1468 938 1541 τῷ
965 1457 1068 1532 τεμένει
1100 1456 1205 1529 βωμοῦ
1235 1462 1431 1539 (constitutam
1461 1462 1521 1520 dict
1554 1480 1642 1520 aram

307 1561 394 1637 nota)
415 1553 477 1642 aglu
498 1552 516 1632 ἢ
537 1559 584 1620 τδν
606 1560 672 1622 νεῶν
693 1556 741 1622 καὶ
763 1561 794 1623 τέ
816 1557 921 1646 ξόανον
941 1561 1156 1634 ἀνασταθῆναι,
1179 1563 1309 1622 kalendis
1323 1563 1537 1634 Decembribus,
1565 1553 1640 1632 αὕτη

309 1656 366 1744 γὰρ
388 1652 420 1727 έν
441 1659 456 1732 ἦ
478 1653 598 1722 λύσασα
619 1660 666 1722 τδν
685 1656 805 1732 πολεμον
819 1656 918 1748 ἡμέρα·
940 1664 1058 1740 ἐνιαυτῷ
1080 1653 1110 1721 δέ
1132 1655 1246 1746 ὕστερον
1261 1652 1378 1745 δευτέρῳ
1400 1657 1472 1728 μετὰ
1492 1657 1542 1732 την
1562 1653 1640 1746 πρῶ·

308 1782 359 1828 την
381 1755 491 1820 θυσίαν
512 1760 529 1821 ὅ
550 1757 806 1827 κατασκευασθεὶς
826 1765 858 1823 ἐκ
880 1757 1018 1835 δημοσέων
1045 1754 1207 1846 χρημάτων
1233 1757 1300 1824 veuls
1323 1753 1516 1832 συνετελέσθη
1538 1785 1569 1820 τε
1591 1753 1642 1821 καὶ

308 1853 493 1943 καθιερώθη,
510 1867 608 1940 pridie
621 1885 711 1925 nonus
732 1866 882 1936 Quintiles.
915 1867 1021 1925 deinde
1041 1885 1067 1924 e.
1084 1865 1122 1924 56
1145 1872 1284 1923 narratur
1304 1863 1429 1922 alterum
1451 1864 1525 1922 deae
1547 1864 1641 1923 simu·

308 1962 422 2020 lacrum
446 1952 597 2039 (ἄγωμεν)
619 1967 759 2025 mulieres
781 1968 817 2024 de
840 1985 896 2026 sua
916 1967 1044 2043 pecunia
1067 1967 1190 2024 fecisse:
1225 1955 1390 2022 ἀναθέντων
1416 1953 1447 2020 δέ
1472 1955 1642 2048 ἀμφοτέρων

310 2059 338 2117 ἓν
365 2063 401 2138 τῇ
425 2054 518 2145 πρῶτῃ
545 2067 597 2134 τῆς
625 2057 797 2148 ἇνιερῶσεως
821 2058 908 2148 ἡμέρᾳ
929 2056 1055 2150 θιέτιρον
1076 2068 1131 2124 τῶν
1153 2054 1357 2148 ἀφιδρυμάτων
1384 2053 1399 2121 δ
1420 2053 1642 2122 κατεσκεύασαν

311 2163 445 2236 «γυναῖκες
480 2156 657 2244 ἐφθέγξατο
689 2169 800 2224 πολλῶν
829 2169 979 2248 παρουσῶν
1013 2161 1108 2241 φωνὴν
1140 2155 1289 2223 εὗσένετον
1327 2154 1376 2220 καλ
1407 2154 1536 2240 γεγωνέν
1563 2207 1571 2222 .
1599 2206 1608 2222 .
1632 2204 1641 2222 .

311 2253 379 2335 ἑσιέρ
411 2252 523 2323 πέλεως
552 2256 626 2340 νέμω
659 2268 794 2341 γυναῖκες
825 2258 948 2340 «γαμεταὶ
980 2257 1124 2323 δεδῶκατε
1149 2288 1208 2334 μοι,
1244 2264 1352 2323 deinde
1379 2261 1406 2320 έν
1431 2256 1533 2333 μείζονι
1559 2265 1643 2342 φωνῇ

310 2355 342 2416 τέ
365 2356 434 2418 αὖτέ
457 2354 562 2444 ξέανον
584 2357 766 2461 ἔφθέγξατρ,
783 2362 831 2437 τὴν
853 2362 941 2437 αὐτὴν
961 2357 1040 2447 λέξιν
1062 2357 1137 2423 ῶστε
1157 2353 1241 2436 μηδέν
1262 2356 1302 2423 in
1323 2353 1391 2421 εἶναι
1413 2358 1444 2420 σε’
1466 2356 1641 2441 ἆμφιλογον.

312 2478 373 2536 qua
398 2480 431 2520 re
458 2472 612 2542 comperta
636 2475 667 2526 et
693 2475 815 2527 senatus
844 2468 962 2526 censuit
983 2460 1094 2526 θυσίας
1114 2454 1209 2527 ἄλλας
1229 2453 1277 2521 καὶ
1299 2455 1469 2531 σεβασμῶν
1489 2463 1591 2524 tacere
1612 2477 1644 2526 et

311 2561 451 2621 mulieres
478 2566 672 2625 decreverunt
696 2588 733 2626 ne
758 2570 806 2626 bis
835 2575 946 2644 nuptae
972 2585 1099 2626 coronas
1126 2567 1200 2625 deae
1224 2565 1331 2623 darent
1351 2583 1453 2624 eamve
1473 2573 1642 2643 tangerent.

312 2661 466 2721 invenerat
492 2667 584 2743 igitur
608 2668 779 2751 Dionysius
802 2669 890 2727 binas
917 2669 1119 2727 narrationes:
1153 2667 1277 2725 alteram
1303 2672 1458 2742 praeterea
1484 2678 1645 2726 servarunt

313 2761 483 2838 bipertitam
505 2765 617 2826 Festus
640 2768 683 2844 (p.
702 2768 772 2826 242.
795 2767 883 2843 243):
916 2772 966 2827 oia
991 2769 1103 2826 Latino
1133 2768 1174 2824 od
1200 2766 1277 2824 IIII
1303 2766 1460 2824 saliarium
1490 2764 1643 2843 (signum)

313 2861 461 2920 Fortunae
481 2867 624 2925 muliebris
645 2870 730 2942 nesus
751 2880 793 2927 est
811 2873 915 2943 attinqi
935 2872 993 2928 nisi
1013 2868 1049 2926 ab
1072 2886 1106 2926 ea
1126 2885 1200 2943 quae
1221 2866 1306 2924 semel
1324 2869 1432 2941 nupsit,
1454 2874 1484 2925 et
1500 2864 1645 2928 Valerius

314 2960 466 3021 Maximus
487 2964 531 3039 (l,
543 2967 572 3038 8,
584 2967 634 3042 4):
658 2969 803 3026 Fortunae
824 2972 908 3027 etium
928 2969 1074 3026 muliebris
1097 2967 1281 3025 simulacrum
1301 2967 1380 3042 quod
1399 2977 1441 3024 est
1460 2965 1571 3025 Latina
1592 2971 1645 3026 uia

314 3061 356 3116 ad
376 3062 398 3117 Ι
401 3062 429 3120 V
446 3064 601 3124 miliarium
627 3087 658 3126 ec
687 3078 811 3142 tempore
835 3085 897 3125 cum
923 3070 992 3127 aede
1025 3076 1225 3137 consecratum,
1258 3085 1313 3143 quo
1340 3067 1508 3126 Coriolanus
1535 3066 1572 3124 ab
1595 3085 1645 3126 ac·

315 3161 390 3217 cidio
415 3164 494 3221 urbis
520 3175 664 3225 murenae
686 3185 786 3243 φεονει
811 3169 1011 3244 reppulerunt,
1037 3187 1094 3225 coa
1119 3169 1204 3226 tunel
1229 3167 1280 3225 sed
1304 3168 1346 3224 bis
1368 3167 1489 3223 locutum
1509 3171 1646 3240 comittit,

312 3263 398 3334 prius
420 3263 463 3321 liis
485 3266 594 3325 uubis:
620 3271 675 3326 rite
699 3287 743 3326 ote
767 3279 914 3327 ιειαεεοιιαε
941 3269 1059 3326 dedistis
1085 3271 1194 3344 riteque
1221 3268 1375 3326 dedicastis
1407 3265 1473 3340 (ubi
1496 3270 1579 3342 ptius
1605 3267 1645 3326 ab

316 3358 437 3419 homine
462 3365 514 3439 qui
541 3375 632 3425 totam
655 3387 719 3427 rem
739 3387 801 3427 non
821 3368 1004 3427 intellexerit
1024 3370 1171 3427 insertum
1192 3384 1261 3426 esse
1281 3367 1397 3424 viderat
1417 3365 1515 3437 Tora,
1533 3370 1646 3442 priscis

316 3461 396 3534 quod
418 3464 573 3525 substituit
592 3467 731 3527 Halmius
752 3487 814 3528 non
835 3469 994 3544 intellego:
1017 3469 1090 3544 quid
1112 3469 1190 3528 euim
1211 3467 1301 3544 prisci
1322 3466 1469 3525 sermonis
1489 3466 1521 3523 in
1542 3467 1647 3526 verbis

314 3559 422 3637 illisi).
465 3565 553 3624 huius
581 3569 762 3628 narrationis
789 3570 848 3626 rim
876 3568 1045 3644 Dionysius
1071 3585 1191 3643 pessum
1219 3567 1300 3626 dedit
1325 3583 1381 3625 suo
1407 3572 1504 3624 marte
1529 3567 1584 3638 ita,
1610 3575 1648 3627 ut

315 3659 402 3718 deam
417 3681 477 3720 non
491 3666 534 3723 ibi
556 3685 575 3724 a
588 3670 764 3728 mulieribus
787 3677 992 3728 consecratam
1013 3669 1133 3739 taceret,
1155 3667 1206 3725 ubi
1225 3667 1334 3725 iterum
1356 3667 1450 3725 verba
1468 3667 1524 3725 illa
1543 3667 1649 3728 locuta

316 3768 396 3818 esset
417 3762 500 3837 (nam
522 3766 612 3825 huius
634 3769 730 3843 ipsius
751 3769 795 3826 rei
816 3786 887 3844 ergo
908 3776 1001 3826 totam
1023 3786 1087 3826 rem
1107 3766 1224 3825 narrari
1244 3765 1332 3824 docet
1346 3765 1487 3826 Valerius
1503 3767 1647 3845 exemplo

316 3875 353 3916 eo
375 3862 455 3934 quod
475 3866 650 3942 praecedit),
682 3869 737 3926 sed
762 3868 889 3928 alterum
915 3868 1109 3927 simulacrum
1137 3866 1263 3942 fingeret
1287 3867 1336 3925 bis
1360 3866 1453 3944 loqui,
1483 3866 1591 3926 iterum
1616 3866 1649 3925 ἐν

316 3951 418 4027 μείζονι
441 3966 523 4040 φωνῇ
543 3956 616 4021 ὥστε
636 3956 721 4035 μηδὲν
741 3959 781 4024 ἔτι
803 3957 872 4025 εἶναι
893 3959 1070 4042 decucurri
1097 3967 1215 4026 scilicet
1235 3984 1302 4025 cum
1323 3966 1453 4041 primum
1471 3966 1649 4043 loqueretur

316 4058 458 4118 mulieres
486 4063 523 4122 de
549 4082 632 4124 more
656 4067 736 4126 inter
764 4086 798 4127 se
823 4068 988 4146 garrientes
1021 4067 1060 4125 ad
1086 4067 1216 4126 divinam
1248 4084 1353 4125 vocem
1377 4085 1438 4126 non
1463 4067 1648 4128 attendisset

317 4158 374 4218 has
395 4160 523 4237 ineptias
545 4183 612 4224 csse
634 4165 777 4243 Dionysii
802 4187 857 4226 nec
883 4168 1017 4244 potuisse
1046 4167 1136 4228 scribi
1161 4167 1193 4224 in
1219 4167 1442 4227 commentariis
1470 4167 1649 4244 pontificiis,

318 4271 452 4336 apparet.
492 4283 584 4341 quare
605 4286 673 4326 cum
698 4269 782 4327 dicit:
815 4263 865 4335 triv
886 4258 1052 4342 ἐπιφάνειαν
1073 4263 1136 4324 κατ’
1159 4265 1260 4324 ἐκεῖνον
1280 4261 1329 4324 riv
1350 4257 1456 4350 ’χρένον
1478 4263 1540 4345 ου’(χ,
1559 4259 1649 4348 ἅπαξ

319 4355 396 4415 ἀλλὰ
419 4355 461 4421 tic
488 4364 546 4439 (sic
567 4365 716 4444 Urbinas)
740 4364 777 4427 ῶς
797 4368 826 4426 αἱ
848 4369 905 4424 τῶν
925 4367 1097 4449 ἱεροφαντῶν
1117 4358 1284 4450 περιέχουσι
1306 4357 1420 4450 γραφαὶ
1442 4410 1450 4427 .
1472 4409 1480 4425 .
1504 4410 1511 4427 .
1533 4366 1651 4426 indicat

318 4460 422 4519 cadem
444 4464 498 4523 illa
518 4483 595 4540 quae
616 4469 747 4527 breviter
767 4467 907 4528 Valerius
927 4468 1017 4527 babet
1037 4467 1082 4543 (et
1102 4475 1175 4526 nota
1195 4484 1326 4544 carmus
1346 4467 1426 4544 apud
1446 4468 1533 4527 illum
1553 4467 1650 4526 verba

318 4577 375 4618 κνπ
389 4565 473 4622 semel
486 4568 538 4624 sed
550 4567 608 4643 bis)
629 4568 731 4643 paullo
752 4568 899 4646 prolixius
920 4576 1043 4627 narrata
1063 4567 1143 4643 apud
1165 4569 1319 4626 annalium
1344 4569 1520 4646 scriptorem
1541 4566 1649 4626 nescio

319 4676 417 4735 quem,
444 4666 497 4739 qui
522 4668 744 4742 pontificiorum
768 4670 914 4729 librorum
935 4670 1116 4728 mentionem
1136 4668 1297 4741 iniecisset,
1317 4667 1428 4745 legisse
1449 4677 1479 4728 et
1499 4686 1540 4726 ex
1560 4675 1650 4744 parte

321 4776 383 4818 uon
396 4762 596 4841 intellexisse,
617 4788 657 4828 ex
671 4780 757 4845 parte
776 4771 820 4829 ita
833 4779 865 4829 ut
883 4770 947 4828 dixi
967 4770 1154 4842 immutasse,
1175 4788 1212 4827 nc
1230 4787 1365 4847 pugnare
1384 4768 1556 4827 viderentur
1577 4784 1651 4826 cum

321 4859 418 4937 alters
435 4865 488 4923 illa
507 4869 610 4944 templi
630 4872 755 4950 originis
770 4871 895 4930 historia
915 4890 954 4930 ex
976 4871 1036 4930 alio
1057 4871 1141 4930 fonte
1161 4871 1264 4949 petita,
1285 4870 1371 4929 cuius
1393 4877 1498 4928 auctor
1519 4868 1556 4926 dc
1576 4884 1650 4926 con·

321 4961 426 5019 stituto
452 4965 495 5024 ibi
521 4969 679 5031 simulacro
705 4973 757 5031 ubi
782 4973 889 5032 iterum
915 4980 997 5032 esset
1021 4972 1153 5031 locutum
1173 4969 1249 5030 nihil
1269 4969 1442 5030 tradiderat.
1486 4967 1588 5028 sedis
1609 4966 1653 5028 da

321 5058 426 5121 diebus
453 5076 590 5128 accurate
614 5073 780 5134 rettulerat.
805 5082 839 5132 ut
859 5072 988 5134 dubitari
1008 5091 1070 5133 uon
1094 5070 1364 5149 possitFortuuae
1384 5068 1523 5129 muliebri
1545 5068 1577 5127 in
1597 5066 1652 5126 via
1716 5123 1719 5128 .
