3480 5804
543 512 841 568 ossunvsmouas
860 514 978 566 aaron.
997 515 1047 565 ιιι.
1411 493 1457 566 73

129 685 296 743 ιοιιεωιιίιιι
317 685 348 742 iu
369 685 426 742 hac
447 703 540 760 opera
561 704 580 741 a
601 685 682 742 mala
702 684 808 742 fraude
829 684 1021 755 abstinuisse,
1043 685 1173 742 fortasse
1194 685 1233 742 ab
1253 703 1290 744 ea
1310 685 1460 761 incipiens

129 791 161 843 et
187 802 349 861 progressu
377 785 544 844 studiorum
570 785 689 842 demum
717 784 755 842 ad
782 785 918 844 fallacias
945 784 1084 860 delatus„
1104 794 1138 843 ut
1163 784 1308 845 Octavius
1334 785 1461 846 Roscius

128 882 293 944 Brixianns
314 885 366 944 ille
388 885 504 964 Ligarii
526 885 661 943 aemulus
682 884 773 943 iniis
794 904 873 961 quaa
895 883 1024 944 Grutero
1046 887 1186 944 submisit
1206 888 1281 945 satis
1303 886 1461 945 honestum

130 1001 165 1043 se
185 985 332 1055 exhibuit,
353 987 496 1047 decennio
517 995 588 1063 post
607 986 673 1061 ipse
694 986 805 1044 librum
824 985 916 1045 edens
936 995 1113 1064 nugatorum
1128 988 1260 1045 omnium
1275 986 1460 1046 levissimum

130 1092 162 1143 st
182 1086 404 1145 stultissimum.

215 1186 244 1245 t.
280 1185 386 1245 Ursini
406 1188 589 1246 collectanea
609 1206 677 1245 cum
698 1205 759 1243 nou
781 1194 884 1245 extent
894 1183 933 1261 ¹),
956 1204 1032 1262 quae
1053 1188 1082 1245 ei
1103 1195 1227 1264 accepta
1241 1187 1333 1246 refert
1348 1185 1462 1247 Guten·

131 1284 248 1344 alcuius
269 1286 413 1363 pleraque
434 1287 473 1345 ad
495 1289 621 1346 schedas
637 1285 838 1346 Gutsnstenio
860 1287 1010 1346 exhibitas
1030 1287 1090 1345 iam
1112 1287 1193 1363 exigi
1208 1294 1367 1362 nequeunt
1401 1287 1462 1348 Sed

131 1395 180 1445 ast
199 1387 278 1444 inter
298 1406 336 1445 sa
354 1387 472 1464 sylloge
494 1388 641 1464 quaedam
663 1395 781 1464 praeter
796 1385 1027 1446 Gutenstenium
1046 1387 1132 1446 nobis
1147 1396 1221 1446 nota
1241 1407 1295 1465 per
1309 1398 1462 1448 auctorem

131 1484 259 1544 alterum
284 1487 436 1546 hominem
460 1488 588 1563 probum
609 1486 769 1546 Nicolaum
790 1486 992 1557 Florentium,
1021 1487 1073 1563 qui
1097 1495 1128 1544 ut
1150 1507 1215 1546 eam
1236 1487 1374 1564 syllogeu
1396 1489 1460 1547 sive

130 1605 171 1646 ax
191 1586 261 1664 ipso
274 1585 380 1646 Ursini
400 1589 539 1664 exemplo
562 1589 625 1647 sive
646 1607 685 1647 ex
705 1588 832 1664 gemello
851 1588 1018 1664 descripsit,
1040 1589 1083 1646 ita
1097 1588 1237 1664 leguntur
1250 1589 1461 1664 inscriptiones

131 1705 194 1746 non
214 1688 247 1746 in
267 1687 386 1747 schedis
407 1688 526 1765 quidem
548 1689 795 1747 Bruxellsusibus
818 1688 980 1759 Torrentii,
1003 1707 1080 1764 quae
1101 1689 1245 1766 pleraque
1267 1688 1464 1748 Florentiana

132 1797 300 1860 servarunt,
322 1787 377 1847 sed
396 1788 426 1846 in
441 1788 597 1865 Lipsianis
619 1789 716 1849 editis.
754 1786 880 1866 Sylloge
901 1807 937 1847 ea
958 1807 1024 1846 curu
1041 1787 1226 1865 Spoletinum
1247 1807 1279 1848 se
1299 1807 1365 1849 esse
1380 1789 1462 1861 velit,

133 1885 304 1965 Spsdatina,
330 1888 362 1946 id
390 1898 437 1948 est
457 1887 634 1949 Salonitana
659 1889 747 1965 plura
773 1890 886 1964 recepit
910 1907 999 1964 quam
1026 1908 1095 1948 vere
1117 1887 1245 1965 Spoletii
1271 1896 1404 1967 reperta,
1432 1897 1463 1949 cl

133 1988 210 2048 alias
234 2006 354 2066 quoquc
379 1992 554 2065 perturbata
579 1998 627 2050 est
651 1998 681 2049 et
705 1998 860 2066 corrupta,
886 2007 906 2046 a
930 1989 1037 2048 frande
1064 1995 1163 2047 tamen
1185 1989 1293 2048 aliena.
1336 1990 1401 2048 Iam
1423 2009 1463 2049 ex

132 2089 335 2150 Florentianis
356 2090 415 2150 illis
436 2091 509 2167 quid
529 2091 661 2152 effecerit
680 2089 811 2150 Ursinus
833 2099 1021 2166 personatus,
1042 2089 1234 2166 intellegetur
1255 2108 1294 2148 ex
1315 2091 1463 2167 exemplis

134 2206 212 2265 quas
232 2191 369 2269 apposui.

235 2372 342 2444 Lipsius
353 2393 385 2445 p.
398 2373 444 2427 36.
889 2372 996 2461 Ursinus
1016 2374 1053 2435 (iu
1072 2375 1167 2440 corrig.
1186 2370 1258 2424 ed.2
1279 2372 1373 2436 (irat).

393 2485 534 2537 Consentio
553 2486 660 2536 deornm
1041 2483 1181 2532 Consentio
1201 2482 1308 2532 deorum

377 2577 490 2627 Marias.
510 2577 674 2626 noeumane
977 2574 1110 2624 Marianus
1129 2573 1289 2625 Sozomenus

430 2668 539 2731 imperio
558 2667 620 2717 lecit
932 2665 1041 2728 imperio
1141 2679 1164 2713 e.
1184 2679 1218 2714 m.
1238 2679 1271 2713 ax
1290 2670 1351 2714 voto
1370 2663 1419 2713 fec.

245 2774 346 2827 Titulus
369 2775 453 2826 dhus
476 2782 567 2826 extans
587 2775 687 2839 Spalati
710 2775 796 2839 ibique
817 2788 834 2822 a
858 2788 899 2823 me
918 2773 1060 2837 descriptus
1079 2771 1139 2833 (111,
1155 2772 1236 2833 1935)
1255 2786 1272 2822 a
1289 2773 1379 2837 Lipsio
1397 2779 1466 2823 recta

243 2865 361 2928 sciamur,
381 2867 432 2917 nisi
450 2867 520 2932 quod
539 2868 566 2917 in
584 2867 670 2930 lapide
689 2873 728 2916 est
745 2863 874 2915 Murenae
893 2862 1034 2914 Sozomena

237 3057 344 3129 Lipsiae
359 3078 387 3130 p.
400 3058 445 3112 32.
483 3063 602 3128 Spoletii.
890 3053 1269 3119 arus.1008‚7=1009,2.
1301 3054 1408 3109 Ursinus
1415 3073 1466 3125 per

945 3148 1134 3200 Gmenmsns'um.
1172 3149 1282 3212 Spoleti.

484 3262 605 3312 me
1098 3257 1219 3307 Lam

461 3351 494 3412 Q.
512 3351 628 3402 Raouios
1070 3346 1102 3408 Q.
1120 3347 1251 3396 Varonius

457 3441 581 3491 Dodorus
599 3456 632 3491 ex
1088 3436 1238 3486 Philocalus

465 3539 526 3582 roto
543 3533 630 3597 posuit
1082 3541 1105 3574 v.
1125 3541 1145 3574 s.
1165 3526 1183 3574 l.
1203 3541 1237 3575 m.

458 3623 522 3673 libes
541 3623 633 3672 merito
1022 3598 1030 3610 ⁹
1119 3617 1205 3680 posuit

444 3714 473 3763 iii
491 3713 549 3763 idus
566 3713 652 3763 Maias
1067 3706 1106 3757 VI
1124 3707 1161 3756 id.
1180 3705 1256 3756 Febr.

445 3803 608 3868 ..proniano
627 3810 653 3852 et
1063 3798 1216 3862 Aproniano
1235 3802 1261 3846 st

459 3910 503 3960 pp.
522 3895 565 3944 du.
585 3909 637 3944 cos.
1085 3889 1166 3953 Nigro
1186 3903 1238 3938 cos.

248 4005 376 4071 Exempla
400 4004 509 4054 meliora
532 4001 743 4064 (v.111,1945)
768 4013 843 4049 versu
867 4001 958 4050 ultimo
982 4000 1057 4060 daut,
1082 3997 1151 4064 qnod
1174 3997 1252 4046 etiam
1274 3997 1302 4046 iu
1324 3999 1469 4063 corruptela

248 4096 416 4148 lilcreutiaua
432 4095 516 4145 inesse
534 4095 617 4159 quivis
635 4093 714 4153 ridet,
733 4088 842 4141 Bruduo
860 4106 911 4141 cos.

141 4386 198 4423 eam
221 4378 308 4444 autem
329 4369 381 4437 legi
404 4370 432 4420 in
456 4368 544 4419 codice
566 4368 612 4417 illo
635 4367 764 4417 adiectam
786 4377 864 4415 manu
883 4365 971 4428 ignota
989 4368 1131 4412 atramento
1150 4361 1252 4411 diverso
1271 4361 1382 4425 itemque
1401 4360 1470 4424 apud

140 4461 282 4514 Gruterum
304 4467 421 4511 auctores
445 4459 592 4509 laudantem
621 4458 747 4511 Smetium
772 4463 798 4506 et
822 4455 1027 4507 (intenstenium.
1073 4453 1179 4503 Collatia
1205 4451 1311 4516 reliquis
1335 4449 1470 4500 fraudibus

140 4551 351 4604 Gatsnttenlanis
369 4566 422 4601 non
441 4551 497 4601 siue
515 4563 593 4600 cauea
610 4549 638 4598 id
656 4548 738 4598 codici
758 4547 914 4610 adscriptum
932 4544 1118 4610 suspicabimur
1136 4543 1169 4592 ab
1189 4544 1246 4607 ipsc
1265 4541 1442 4593 Gntenstenio.

220 4659 244 4724 ¹)
271 4661 371 4712 Βοιιιιο
384 4660 485 4711 codices
497 4658 671 4708 bibliothecae
679 4657 820 4707 vaticanae
833 4654 1008 4719 pervestigans
1021 4653 1143 4702 adnotavi
1155 4653 1183 4704 in
1196 4650 1349 4701 Manutiauo
1362 4663 1387 4698 n.
1398 4649 1468 4699 5241

141 4757 264 4817 excerpta
285 4750 337 4819 legi
353 4742 395 4801 ‘cx
418 4750 486 4800 libro
509 4750 540 4800 F.
557 4740 658 4799 Ursiui’
681 4747 742 4797 inde
765 4761 782 4795 a
804 4762 829 4810 p.
844 4743 887 4794 47'
910 4744 944 4793 ad
968 4759 993 4807 p.
1011 4743 1120 4792 fortasse
1140 4743 1187 4802 ⁷43
1213 4755 1273 4790 nam
1299 4745 1424 4805 quatenus
1448 4739 1471 4788 ia

142 4843 231 4893 titulus
249 4840 403 4908 puniret,
423 4855 477 4891 non
495 4841 557 4890 satis
575 4838 639 4889 mihi
659 4837 797 4888 constabat.
830 4837 902 4885 llaec
920 4850 978 4884 cum
998 4833 1031 4883 ad
1051 4847 1120 4882 meas
1139 4838 1226 4897 partes
1243 4846 1296 4880 non
1316 4834 1469 4895 spectarent,

142 4946 197 4983 non
216 4926 335 4997 sxa-13
358 4930 405 4981 ssd
426 4937 530 4996 rogatos
549 4929 627 4979 velim
651 4928 762 4992 collegas
780 4927 879 4978 Romae
905 4926 1040 4989 degentes,
1064 4931 1094 4973 nt
1112 4938 1143 4972 ea
1161 4922 1300 4987 inspiciant
1316 4928 1343 4970 st
1361 4920 1473 4970 certiora

142 5037 192 5074 aas
216 5022 249 5073 de
271 5022 306 5073 iis
326 5021 458 5072 edoceam.
496 5022 583 5071 Etiam
605 5021 633 5069 iu
656 5019 714 5069 cod.
732 5019 816 5079 6040,
843 5017 888 5082 qui
907 5016 1084 5080 complectitur
1107 5015 1188 5064 multa
1210 5014 1375 5078 diversaque,
1399 5009 1472 5062 Ursi·

143 5113 223 5164 uiana
240 5113 368 5180 quaedam
385 5112 548 5178 reperiuntur
565 5109 724 5176 praescripto
743 5109 847 5160 nomine
864 5107 951 5160 Latini
970 5105 1067 5159 Latinil
1085 5103 1111 5166 (1
1127 5121 1154 5170 p.
1168 5103 1223 5167 49).
