3480 5804
120 495 249 556 101-106
543 504 625 554 von.
642 504 656 553 1
673 504 1026 564 surrovrssnmnvur.
1400 485 1445 557 27

119 673 180 733 101
201 674 233 732 in
254 673 323 751 ipsa
343 674 441 752 pinea.
483 675 648 732 Praeneste
669 674 700 731 in
723 675 811 732 vinea
831 673 922 732 Dom.
946 672 1085 733 Cecconi.
1129 675 1238 733 Adhuc
1260 675 1379 732 ibidem.

641 843 928 907 usurarum-,or

119 979 169 1038 Ad
190 989 330 1057 ectypum
353 989 507 1056 acceptum
530 999 548 1037 a
563 981 602 1038 D.
618 981 785 1050 Bonannio‚
803 964 886 1055 'quod
905 999 959 1039 uos
975 999 1034 1038 non
1050 980 1188 1050 vidimus,
1211 980 1373 1039 Henzenus
1388 981 1448 1038 edi·

120 1081 163 1139 dit
183 1081 266 1139 Ball.
288 1079 366 1140 1866
388 1102 417 1158 p.
437 1082 505 1139 135.
543 1082 790 1158 Trendeleuburg
812 1082 884 1157 legit
906 1096 1056 1151 samanar,
1078 1081 1115 1138 de
1137 1098 1154 1138 1¹
1177 1082 1277 1139 littera
1298 1081 1447 1140 dubitans.

118 1286 203 1346 102*
218 1288 327 1347 litteris
342 1288 431 1347 solito
446 1288 608 1347 maioribus
623 1289 652 1345 in
668 1289 733 1346 basi
748 1288 863 1364 pineae.
888 1288 1052 1346 Praeneste
1067 1289 1096 1346 in
1109 1288 1197 1346 vinea
1206 1287 1297 1346 Dom.
1310 1286 1448 1346 Cecconi.

620 1456 951 1500 c·ssrarcarv1·r·r
1024 1457 1037 1480 ·

120 1593 271 1670 Ectypum
299 1595 382 1653 misit
407 1594 569 1654 Henzenus
599 1603 754 1671 acceptum
783 1614 802 1652 a
828 1594 867 1652 D.
896 1594 1053 1653 Bonannio
1082 1594 1233 1670 ediditque
1261 1595 1344 1653 Ball.
1370 1594 1448 1652 1866

120 1712 150 1770 p.
169 1695 237 1753 134.

161 1793 295 1870 [Titulus
322 1796 370 1854 hic
397 1797 508 1873 quique
534 1805 701 1872 sequuntur
727 1797 785 1855 soli
810 1796 872 1855 fere
900 1796 1041 1871 probant,
1070 1797 1251 1871 quicumque
1278 1795 1449 1854 Praenesti-

119 1914 226 1953 norum
253 1915 313 1955 non
335 1898 470 1972 concepti
496 1899 557 1955 sint
581 1915 653 1956 casu
679 1898 790 1972 primo,
817 1898 855 1954 ad
882 1897 1043 1955 secundum
1072 1899 1258 1956 revocandos
1280 1915 1362 1966 esse,
1390 1915 1449 1954 non

120 1995 159 2054 ad
180 1998 314 2068 tertium3
336 2017 404 2056 nam
428 1998 596 2069 mulierum,
618 2006 651 2055 ut
672 1999 698 2067 I,
716 1999 772 2055 147
797 1997 896 2056 Setini
916 1997 954 2055 L.
978 1997 1043 2072 Opi,
1066 2007 1126 2055 tarn
1149 1998 1188 2056 ad
1209 1999 1380 2074 genetivum
1403 2016 1449 2054 ac·

120 2099 304 2156 commodari
325 2108 451 2173 possunt
472 2117 561 2174 quam
585 2099 622 2156 ad
643 2101 772 2170 tertium,
797 2100 930 2157 virorum
951 2109 1049 2157 autem
1071 2099 1206 2175 plerique
1228 2099 1258 2155 iu
1281 2103 1291 2155 i
1312 2098 1449 2156 finientes

120 2206 182 2256 tam
208 2199 246 2256 ad
267 2200 483 2257 nominativum
508 2217 599 2275 quam
621 2200 659 2258 ad
681 2201 860 2277 genetivum.
903 2202 946 2257 At
967 2219 1048 2269 cum,
1077 2209 1157 2258 certe
1183 2199 1346 2258 secundum
1367 2199 1450 2274 leges

120 2299 364 2358 nomenclaturae
385 2299 555 2371 Romanae,
582 2301 754 2360 Satricanua
776 2301 958 2376 requiratur,
986 2301 1035 2357 hic
1056 2301 1211 2376 genetivus
1232 2299 1450 2375 intellegendus

121 2407 175 2458 est.
219 2399 408 2476 Quamquam
434 2402 522 2460 titulo
544 2403 638 2459 fracto
660 2402 726 2478 eph.
747 2399 820 2472 129,
846 2401 878 2458 iu
899 2408 1029 2475 quo-est
1050 2391 1189 2493 telenum,
1211 2409 1309 2476 potest
1331 2399 1450 2458 defendi

120 2501 264 2576 gentilitii
285 2501 412 2559 formam
434 2502 661 2560 Praenestinam
684 2502 779 2560 fuisse
801 2498 1009 2560 Satricauium.
1053 2501 1112 2560 Tra.
1132 2501 1187 2576 M.]

121 2706 189 2767 103
211 2708 385 2768 Praeneste.

619 2808 657 2848 κ·
675 2805 841 2848 satricum
857 2820 864 2834 ·
881 2807 899 2847 κ
914 2818 921 2832 ·
937 2806 953 2847 r

122 2944 271 3021 Eotypum
298 2947 382 3005 misit
401 2945 574 3004 Henzenus.
597 2978 635 3001 -.
661 2943 759 3017 Quam
786 2945 817 3002 in
843 2944 909 3002 basi
931 2942 1079 3018 quadrata
1101 2943 1207 3016 pineae
1229 2942 1309 3016 apud
1330 2942 1449 3001 Bonan·

122 3046 204 3104 nium
226 3046 520 3123 Trendelenburgiue
546 3047 622 3104 vidit
644 3060 935 3116 ....1carvr·1<·r,
962 3052 1013 3102 aut
1038 3043 1112 3101 haec
1140 3052 1190 3124 est
1214 3043 1310 3100 fracta
1337 3052 1389 3101 aut
1415 3062 1452 3101 ea

123 3165 199 3222 quae
221 3147 381 3223 praecedit.

122 3352 212 3414 104·
234 3354 266 3412 in
286 3355 383 3431 pinea.
429 3354 592 3413 Praeneste
614 3355 644 3411 in
666 3340 866 3412 vineaDom.
890 3351 1027 3411 Cecconi.

681 3459 869 3598 [tarsicam

715 3675 717 3678 .
758 3622 826 3663 Μ

124 3762 270 3823 Dedimus
291 3764 330 3823 ad
352 3771 500 3840 ectypum.
544 3762 705 3821 Henzenus
728 3761 809 3819 Ball.
835 3759 914 3819 1866
935 3777 966 3836 p.
985 3759 1043 3817 134
1065 3776 1084 3816 a
1105 3757 1144 3816 D.
1165 3757 1323 3817 Bonannio
1346 3777 1451 3836 accep·

125 3873 186 3923 tam
207 3865 301 3924 edidit
322 3866 378 3924 sic:
402 3879 608 3923 narraretur
621 3905 710 3920 .....

123 4070 190 4132 105
218 4072 250 4130 iu
278 4072 343 4130 basi
371 4071 501 4130 rotunda
527 4071 642 4146 pineae.
685 4068 849 4128 Praeneste
870 4070 901 4126 in
922 4067 1014 4126 fundo
1036 4067 1116 4127 dicto
1139 4068 1169 4127 la
1194 4067 1369 4127 Golomdello
1390 4089 1450 4145 rep.

167 4193 206 4232 m.
230 4171 312 4251 Sept.
335 4192 361 4230 a.
380 4170 468 4231 1668.
511 4171 610 4229 Hodie
631 4174 661 4228 ai
677 4173 771 4245 proti.

633 4341 658 4381 m
673 4352 679 4367 ·
697 4338 836 4381 SAVFEIVS
852 4351 859 4365 ·
875 4337 893 4381 C
908 4352 914 4365 ·
931 4338 947 4378 F

126 4481 288 4540 Henzenus
311 4480 350 4539 ad
371 4488 510 4557 ectypum
531 4478 655 4537 missum
678 4497 696 4536 a
718 4476 756 4536 D.
780 4475 937 4536 Bonannio
958 4475 1041 4534 Ball.
1067 4474 1145 4535 1869
1168 4493 1196 4550 p.
1216 4474 1284 4535 165.

169 4579 217 4642 cf.
238 4581 350 4655 1‚145.
369 4581 437 4640 146.

125 4789 194 4850 106
215 4790 325 4849 litteris
347 4789 439 4848 solito
461 4785 624 4844 maioribus
643 4785 675 4842 in
696 4784 762 4841 basi
783 4783 929 4858 quadrata
949 4784 1064 4859 pineae.
1108 4781 1271 4841 Praeneste
1293 4781 1371 4858 apud
1393 4782 1451 4840 Bo·

167 4893 320 4951 nennium.

746 4983 837 5027 savae

124 5063 299 5187 Descripsit
319 5108 573 5184 Trendelenburg.
