3480 5804
749 512 977 565 FELICIANVS.

600 684 688 742 Pauli
708 684 844 759 Ramnsij
867 682 1110 758 Ariminensis1).

447 782 592 845 Scribitnr
614 786 743 860 antiquis
764 795 796 843 ut
817 785 928 861 pagina
947 784 1111 861 qu[a]eqne
1132 784 1247 861 liguris,

486 885 554 944 Hoc
575 884 771 962 Augustinit)
793 885 893 944 nobile
914 886 1020 961 pandit
1040 903 1127 962 opus.

445 986 535 1045 Hunc
554 987 644 1064 igitur
665 987 756 1045 tacita
776 994 878 1044 teneat
899 986 953 1045 sub
976 993 1074 1044 mente
1094 985 1228 1043 libellum

489 1085 635 1163 Quisquis
657 1088 822 1146 Romuleas
844 1096 929 1165 optat
949 1087 1061 1146 habere
1082 1095 1187 1145 notasr

447 1184 497 1248 Sic
519 1206 612 1265 uagus
635 1188 788 1247 Ausonias
811 1189 920 1265 poterit
941 1189 1070 1247 transire
1091 1207 1145 1264 per
1168 1187 1256 1246 nrbes

488 1288 584 1349 Tutus
606 1297 637 1349 et
657 1290 793 1366 ingentes
816 1307 958 1365 spernere
980 1289 1111 1348 diuitias.

674 1442 810 1519 Venetijs
833 1442 1053 1503 Mocchxxxr

778 1543 850 1625 ΧΥ.
874 1544 953 1620 lnlij.

284 1862 385 1922 Lucae
405 1863 543 1923 Paciuoli
565 1865 657 1922 rerba
682 1864 734 1938 qni
762 1882 828 1923 cum
853 1865 893 1922 iis
921 1881 998 1940 qnae
1020 1862 1194 1922 Felicianus
1222 1861 1377 1935 disseruit,
1406 1864 1531 1937 confert,

202 1963 290 2023 facile
312 1966 420 2042 opinor
441 1965 499 2024 sibi
520 1963 726 2041 persuadebit,
755 1965 829 2024 haec
850 1963 997 2023 Pacinolo
1018 1981 1079 2022 non
1101 1963 1206 2042 ignota
1226 1963 1330 2024 fuisse.
1373 1962 1444 2023 Non
1465 1965 1532 2024 dico

203 2065 350 2124 celebrem
375 2073 547 2142 geometren
577 2065 652 2123 nihil
684 2066 720 2124 de
747 2083 802 2124 suo
828 2065 977 2143 proferre3
1011 2065 1102 2124 immo
1129 2065 1339 2142 proportiones
1365 2064 1532 2125 litterarum

201 2166 241 2223 ad
266 2166 358 2225 alium
378 2166 533 2226 modulum
554 2175 644 2242 atque
666 2165 838 2224 Felicianus
861 2166 1021 2242 expressit,
1048 2166 1205 2224 liberiores
1228 2165 1394 2225 litteramm
1416 2175 1530 2226 tractus

201 2265 239 2324 ad
271 2267 466 2346 geometricas
498 2267 629 2325 rationes
661 2285 801 2325 revocare
834 2267 964 2337 studuit,
1001 2265 1212 2324 nonnullarum
1240 2266 1407 2324 litterarum
1439 2267 1529 2326 etism

200 2366 327 2425 formam
348 2368 524 2427 emendavit
568 2365 628 2427 Sed
650 2387 728 2444 qnae
749 2367 786 2426 ds
807 2367 914 2426 litteris
936 2385 1014 2442 qnae
1036 2376 1106 2424 sunt
1127 2367 1156 2424 Α
1174 2366 1199 2424 Β
1217 2364 1286 2425 OD
1304 2365 1329 2424 F
1347 2364 1377 2425 G
1390 2365 1422 2424 H
1443 2367 1532 2438 dixit,

200 2466 347 2527 Felicisni
367 2469 535 2545 praeceptis
558 2478 617 2527 tam
640 2468 751 2527 similis
772 2475 843 2529 sunt
863 2477 897 2527 ut
917 2486 1130 2543 nonnunquam
1152 2467 1276 2526 verbum
1299 2466 1390 2525 verbo
1407 2484 1533 2545 respon·

201 2567 279 2627 deat
317 2569 476 2628 Eiusmodi
497 2586 661 2628 consensus
682 2570 765 2628 casui
787 2568 878 2628 tribui
899 2569 1013 2645 nequit,
1036 2567 1090 2627 sed
1111 2567 1197 2625 docet
1217 2566 1333 2626 Lucam
1354 2567 1530 2627 Paeinolnm

200 2686 257 2744 pro
278 2669 397 2728 illomm
418 2679 584 2747 temporum
606 2671 823 2729 consuetudine
845 2688 972 2747 eaquae
993 2669 1032 2728 ab
1053 2668 1113 2726 alio
1135 2678 1214 2728 recte
1235 2668 1408 2745 excogitata
1426 2687 1533 2746 reppe-

203 2770 304 2842 risset,
326 2771 391 2830 sine
413 2771 477 2830 ulla
497 2771 681 2830 dubitatione
703 2772 734 2830 in
756 2788 844 2829 suum
866 2788 954 2829 usum
977 2768 1170 2828 convertisse.
1256 2821 1261 2831 .

286 2869 395 2948 Neque
416 2872 502 2931 aliter
522 2872 713 2931 statuendum
735 2871 773 2930 de
793 2873 908 2949 pictore
933 2871 1011 2929 inter
1030 2877 1180 2930 nostrates
1201 2869 1290 2928 facile
1310 2869 1457 2948 principe,
1480 2872 1533 2946 qui

203 2973 230 3029 si
257 2973 324 3048 quis
350 2972 429 3032 alius
455 2974 584 3032 animam
613 2973 723 3050 ubique
748 2972 881 3050 prodidit
902 2971 1154 3042 candidissimam,
1183 2970 1308 3030 Alberto
1329 2970 1458 3031 Direro.
1501 2971 1534 3032 ls

201 3090 269 3131 cnm
293 3073 323 3132 in
348 3073 426 3133 libro
452 3091 518 3150 qno·
538 3074 576 3133 da
601 3073 704 3133 circini
732 3084 762 3133 et
786 3074 907 3151 regulae
930 3091 987 3132 usu
1013 3071 1200 3148 exposuitl),
1231 3072 1339 3131 seriem
1365 3072 1533 3132 litterarum

201 3174 305 3249 pulcre
326 3173 542 3234 delineatsrum
556 3183 747 3253 proponeret,
768 3193 830 3234 non
852 3174 949 3233 solnm
970 3172 1086 3232 litteras
1101 3172 1186 3249 ipsas
1202 3173 1264 3231 sere
1279 3173 1355 3231 tales
1371 3173 1535 3232 delineavit

130 3261 133 3265 ’
202 3274 307 3349 quales
328 3273 408 3351 spud
430 3274 608 3334 Pucinolum
630 3275 815 3351 reperimus,
843 3274 1009 3333 sedetiam
1037 3273 1150 3332 eisdem
1178 3273 1226 3330 vel
1254 3272 1416 3332 simillimis
1443 3282 1534 3348 ntqne

203 3374 253 3433 bic
265 3374 431 3433 rationibus
446 3374 635 3451 geometricis
656 3375 688 3432 in
708 3374 818 3432 litteris
837 3372 1058 3432 conformandis
1081 3390 1154 3432 usus
1176 3381 1231 3431 est.
1264 3370 1312 3432 Ne
1325 3374 1399 3430 haec
1413 3372 1533 3448 quidem

202 3493 251 3535 res
272 3476 333 3534 iam
355 3475 485 3534 verbosa
504 3474 708 3549 disputatione
729 3472 864 3549 indigere
887 3471 1004 3530 videtur
1024 3481 1182 3551 postquam
1203 3473 1235 3530 in
1255 3472 1359 3531 tabula
1379 3471 1425 3531 Ill
1444 3472 1532 3531 Paci·

202 3575 265 3634 uoli
287 3583 317 3634 et
337 3575 447 3634 Direri
468 3576 635 3634 litterarum
657 3575 798 3634 idoneum
819 3573 970 3650 specimen
990 3591 1159 3650 proponere
1180 3572 1282 3643 licuit3
1303 3590 1342 3630 ex
1363 3591 1423 3649 quo
1445 3572 1532 3631 Paci-

203 3677 267 3736 uoli
295 3677 405 3735 libram
434 3676 552 3736 Drirero
579 3685 681 3735 notum
712 3675 809 3733 fuisse
840 3673 915 3731 satis
944 3674 1052 3751 opinor
1083 3671 1163 3732 clare
1199 3680 1334 3750 apparet.
1381 3672 1533 3732 Pictorem

202 3776 487 3856 Norimbergensem
508 3778 577 3836 aliis
592 3777 737 3836 Italorum
755 3774 840 3833 libris
863 3774 1082 3834 mathematicis
1104 3792 1191 3834 nsum
1213 3791 1281 3834 esse
1301 3780 1383 3833 certo
1405 3773 1532 3846 ssimum

203 3897 277 3938 sane
298 3879 473 3938 adservatur
499 3878 646 3955 hodieque
675 3877 707 3935 iu
733 3875 918 3935 bibliothece
940 3873 1182 3952 Guelferbytanus
1206 3875 1378 3951 exemplum
1404 3875 1532 3934 elemen-

203 3992 301 4039 torum
321 3980 459 4040 Euclidis
480 3978 615 4040 Venetiis
638 3998 665 4037 a.
690 3977 770 4037 1505
791 3975 883 4035 latine
906 3976 1054 4034 editorum
1075 3976 1157 4053 quod
1171 3975 1310 4034 Dirrerus
1333 3993 1360 4034 a.
1378 3974 1456 4034 1507
1472 3974 1533 4034 Ve-

203 4080 292 4140 netiis
314 4098 348 4139 se
373 4081 483 4140 emisse
508 4099 565 4139 sua
593 4098 683 4138 mann
710 4079 808 4155 primo
831 4076 904 4135 folio
926 4077 1090 4155 inscripsit.
1134 4074 1222 4150 Quod
1245 4075 1272 4134 si
1294 4075 1432 4135 Pacinoli
1455 4093 1533 4152 opus

203 4183 270 4259 ipse
292 4197 392 4240 secum
407 4179 544 4239 Venetiis
565 4180 685 4239 domum
706 4187 878 4255 reportasse
897 4177 987 4237 statui
1008 4194 1068 4235 non
1082 4184 1193 4255 potest,
1215 4176 1358 4253 quoniam
1379 4183 1448 4253 post
1468 4177 1534 4235 eius

203 4267 370 4341 discessum
385 4282 468 4358 typis
483 4280 666 4356 descriptum
687 4287 718 4339 et
738 4278 849 4337 editum
865 4285 921 4349 est,
942 4277 1018 4335 nihil
1038 4277 1139 4337 obstat
1153 4277 1312 4354 quominus
1326 4275 1436 4360 librum
1451 4274 1534 4354 apud

206 4382 302 4443 Italos
324 4382 471 4441 celebrem
493 4382 555 4441 alia
575 4380 624 4439 via
644 4378 875 4458 Norimbergam
896 4377 1020 4436 allatum
1040 4395 1109 4437 esse
1129 4384 1276 4456 putemus.

288 4481 433 4542 Berolini.
1127 4511 1166 4573 11.
1189 4508 1327 4573 Scabra.

283 4748 307 4811 ¹)
330 4747 373 4800 De
391 4746 476 4800 Panlo
493 4744 629 4799 suumn
647 4746 703 4797 slve
714 4744 839 4798 &musio
857 4743 1039 4795 luriscomulto
1056 4742 1100 4794 vd.
1113 4740 1267 4795 Tiraboschl
1286 4737 1375 4792 storin
1392 4739 1463 4792 della
1481 4740 1533 4793 lett.

205 4837 343 4913 totvm
361 4840 377 4890 l
395 4837 491 4905 pm
508 4836 551 4889 sd.
569 4835 647 4891 Rom.

147 4964 151 4971 .
183 4987 186 4993 ,
281 4925 308 4994 ¹)
330 4930 507 4997 Augmtlm
525 4940 663 4997 quamnam
680 4926 753 4979 diest
769 4940 823 4978 uon
841 4940 973 4992 unaquor.

282 5014 310 5085 ⁸)
323 5010 541 5089 tvm-q
556 5014 736 5086 seuam
746 5017 793 5069 sse
803 5015 858 5068 α...
870 5014 976 5067 zoom
991 5013 1044 5066 ...ι
1055 5005 1231 5080 memorem.
1257 5012 1375 5064 suurn
1393 5011 1532 5065 sunonem

206 5110 274 5167 ml
290 5086 373 5167 Ι5555.
407 5110 452 5167 Do
467 5108 512 5167 iris
526 5110 624 5167 Durus
640 5108 733 5165 mdlls
751 5108 798 5162 cir.
816 5109 851 5160 Δ.
870 5123 922 5159 von
939 5106 1013 5159 Zshu
1029 5100 1140 5160 Drirsr’s
1156 5102 1308 5158 Kumktre
1324 5120 1350 5171 p.
1363 5105 1407 5158 ot.
