<?xml version="1.0" encoding="UTF-8"?>
<!DOCTYPE html PUBLIC "-//W3C//DTD XHTML 1.0 Transitional//EN"
    "http://www.w3.org/TR/xhtml1/DTD/xhtml1-transitional.dtd">
<html xmlns="http://www.w3.org/1999/xhtml" xml:lang="en" lang="en">
 <head>
  <title>
</title>
<meta http-equiv="Content-Type" content="text/html;charset=utf-8" />
  <meta name='ocr-system' content='tesseract 3.04.00' />
  <meta name='ocr-capabilities' content='ocr_page ocr_carea ocr_par ocr_line ocrx_word'/>
</head>
<body>
  <div class='ocr_page' id='page_1' title='image "./ephemerisepigra07instgoog/ephemerisepigra07instgoog_0243.png"; bbox 0 0 3480 5804; ppageno 0'>
   <div class='ocr_carea' id='block_1_1' title="bbox 583 445 1444 542">
    <p class='ocr_par' dir='ltr' id='par_1_1' title="bbox 583 445 1444 542">
     <span class='ocr_line' id='line_1_1' title="bbox 583 445 1444 542; baseline 0.012 -10"><span class='ocrx_word' id='word_1_1' title='bbox 583 481 986 534; x_wconf 69' lang='lat' dir='ltr'><strong><em>mantuanensium.</em></strong></span> <span class='ocrx_word' id='word_1_2' title='bbox 1155 445 1162 460; x_wconf 70' lang='grc'>’</span> <span class='ocrx_word' id='word_1_3' title='bbox 1372 469 1444 542; x_wconf 76' lang='lat'><strong><em>235</em></strong></span> 
     </span>
    </p>
   </div>
   <div class='ocr_carea' id='block_1_2' title="bbox 112 650 1516 4643">
    <p class='ocr_par' dir='ltr' id='par_1_2' title="bbox 117 650 1445 912">
     <span class='ocr_line' id='line_1_2' title="bbox 118 650 1445 719; baseline 0.008 -12"><span class='ocrx_word' id='word_1_4' title='bbox 118 650 213 708; x_wconf 88' lang='lat' dir='ltr'><strong><em>latina</em></strong></span> <span class='ocrx_word' id='word_1_5' title='bbox 227 650 267 707; x_wconf 88' lang='lat' dir='ltr'><strong><em>ad</em></strong></span> <span class='ocrx_word' id='word_1_6' title='bbox 286 671 324 710; x_wconf 88' lang='lat' dir='ltr'><strong><em>m.</em></strong></span> <span class='ocrx_word' id='word_1_7' title='bbox 340 651 384 708; x_wconf 92' lang='lat' dir='ltr'><strong><em>IV</em></strong></span> <span class='ocrx_word' id='word_1_8' title='bbox 407 656 583 710; x_wconf 73' lang='lat' dir='ltr'><strong><em>constitutam</em></strong></span> <span class='ocrx_word' id='word_1_9' title='bbox 603 670 671 711; x_wconf 89' lang='lat' dir='ltr'><strong><em>esse</em></strong></span> <span class='ocrx_word' id='word_1_10' title='bbox 685 655 789 711; x_wconf 88' lang='lat' dir='ltr'><strong><em>aedem</em></strong></span> <span class='ocrx_word' id='word_1_11' title='bbox 803 673 923 711; x_wconf 85' lang='lat' dir='ltr'><strong><em>aramve</em></strong></span> <span class='ocrx_word' id='word_1_12' title='bbox 948 653 1121 713; x_wconf 91' lang='lat' dir='ltr'><strong><em>lDecemb.</em></strong></span> <span class='ocrx_word' id='word_1_13' title='bbox 1145 664 1175 715; x_wconf 87' lang='lat' dir='ltr'><strong><em>et</em></strong></span> <span class='ocrx_word' id='word_1_14' title='bbox 1196 659 1356 717; x_wconf 83' lang='lat' dir='ltr'><strong><em>dedicatam</em></strong></span> <span class='ocrx_word' id='word_1_15' title='bbox 1376 672 1445 719; x_wconf 85' lang='lat' dir='ltr'><strong><em>esse</em></strong></span> 
     </span>
     <span class='ocr_line' id='line_1_3' title="bbox 118 750 1444 834; baseline 0.009 -27"><span class='ocrx_word' id='word_1_16' title='bbox 118 750 174 808; x_wconf 90' lang='lat' dir='ltr'><strong><em>Iul.</em></strong></span> <span class='ocrx_word' id='word_1_17' title='bbox 197 752 226 822; x_wconf 90' lang='lat'><strong><em>8,</em></strong></span> <span class='ocrx_word' id='word_1_18' title='bbox 257 759 381 827; x_wconf 88' lang='lat' dir='ltr'><strong><em>utroque</em></strong></span> <span class='ocrx_word' id='word_1_19' title='bbox 403 760 501 812; x_wconf 90' lang='lat' dir='ltr'><strong><em>autem</em></strong></span> <span class='ocrx_word' id='word_1_20' title='bbox 522 753 570 812; x_wconf 89' lang='lat' dir='ltr'><strong><em>die</em></strong></span> <span class='ocrx_word' id='word_1_21' title='bbox 591 773 652 813; x_wconf 91' lang='lat' dir='ltr'><strong><em>non</em></strong></span> <span class='ocrx_word' id='word_1_22' title='bbox 673 771 760 814; x_wconf 89' lang='lat' dir='ltr'><strong><em>secus</em></strong></span> <span class='ocrx_word' id='word_1_23' title='bbox 782 765 872 830; x_wconf 89' lang='lat' dir='ltr'><strong><em>atque</em></strong></span> <span class='ocrx_word' id='word_1_24' title='bbox 901 754 939 812; x_wconf 90' lang='lat' dir='ltr'><strong><em>ad</em></strong></span> <span class='ocrx_word' id='word_1_25' title='bbox 965 773 1047 812; x_wconf 73' lang='lat' dir='ltr'><strong><em>mam</em></strong></span> <span class='ocrx_word' id='word_1_26' title='bbox 1069 756 1158 816; x_wconf 82' lang='lat' dir='ltr'><strong><em>Pacis</em></strong></span> <span class='ocrx_word' id='word_1_27' title='bbox 1179 759 1337 834; x_wconf 83' lang='lat' dir='ltr'><strong><em>Augustae</em></strong></span> <span class='ocrx_word' id='word_1_28' title='bbox 1358 778 1444 819; x_wconf 86' lang='lat' dir='ltr'><strong><em>sacra</em></strong></span> 
     </span>
     <span class='ocr_line' id='line_1_4' title="bbox 117 850 394 912; baseline 0.011 -5"><span class='ocrx_word' id='word_1_29' title='bbox 117 850 183 909; x_wconf 89' lang='lat' dir='ltr'><strong><em>fieri</em></strong></span> <span class='ocrx_word' id='word_1_30' title='bbox 206 851 295 909; x_wconf 87' lang='lat' dir='ltr'><strong><em>solita</em></strong></span> <span class='ocrx_word' id='word_1_31' title='bbox 317 871 394 912; x_wconf 87' lang='lat' dir='ltr'><strong><em>esse.</em></strong></span> 
     </span>
    </p>

    <p class='ocr_par' dir='ltr' id='par_1_3' title="bbox 112 949 1516 4643">
     <span class='ocr_line' id='line_1_5' title="bbox 204 949 1444 1036; baseline 0.008 -28"><span class='ocrx_word' id='word_1_32' title='bbox 204 949 322 1024; x_wconf 85' lang='lat' dir='ltr'>Quodsi</span> <span class='ocrx_word' id='word_1_33' title='bbox 349 955 424 1012; x_wconf 88' lang='lat' dir='ltr'><strong><em>haec</em></strong></span> <span class='ocrx_word' id='word_1_34' title='bbox 449 961 529 1012; x_wconf 89' lang='lat' dir='ltr'><strong><em>recte</em></strong></span> <span class='ocrx_word' id='word_1_35' title='bbox 557 954 710 1031; x_wconf 87' lang='lat' dir='ltr'><strong><em>disputata</em></strong></span> <span class='ocrx_word' id='word_1_36' title='bbox 737 964 816 1026; x_wconf 89' lang='lat' dir='ltr'><strong><em>sunt,</em></strong></span> <span class='ocrx_word' id='word_1_37' title='bbox 843 955 903 1013; x_wconf 87' lang='lat' dir='ltr'><strong><em>iam</em></strong></span> <span class='ocrx_word' id='word_1_38' title='bbox 931 957 1005 1014; x_wconf 90' lang='lat' dir='ltr'><strong><em>satis</em></strong></span> <span class='ocrx_word' id='word_1_39' title='bbox 1028 957 1190 1016; x_wconf 88' lang='lat' dir='ltr'><strong><em>stabilitum</em></strong></span> <span class='ocrx_word' id='word_1_40' title='bbox 1216 960 1273 1017; x_wconf 89' lang='lat' dir='ltr'><strong><em>erit</em></strong></span> <span class='ocrx_word' id='word_1_41' title='bbox 1302 959 1333 1017; x_wconf 91' lang='lat' dir='ltr'><strong><em>id</em></strong></span> <span class='ocrx_word' id='word_1_42' title='bbox 1363 960 1444 1036; x_wconf 90' lang='lat' dir='ltr'><strong><em>quod</em></strong></span> 
     </span>
     <span class='ocr_line' id='line_1_6' title="bbox 117 1051 1443 1137; baseline 0.006 -27"><span class='ocrx_word' id='word_1_43' title='bbox 117 1051 322 1112; x_wconf 86' lang='lat' dir='ltr'><strong><em>Mommsenus</em></strong></span> <span class='ocrx_word' id='word_1_44' title='bbox 344 1055 553 1131; x_wconf 90' lang='lat' dir='ltr'><strong><em>suspicabatur</em></strong></span> <span class='ocrx_word' id='word_1_45' title='bbox 573 1057 644 1114; x_wconf 90' lang='lat' dir='ltr'><strong><em>bina</em></strong></span> <span class='ocrx_word' id='word_1_46' title='bbox 666 1074 753 1114; x_wconf 87' lang='lat' dir='ltr'><strong><em>sacra</em></strong></span> <span class='ocrx_word' id='word_1_47' title='bbox 774 1057 956 1132; x_wconf 88' lang='lat' dir='ltr'><strong><em>singulorum</em></strong></span> <span class='ocrx_word' id='word_1_48' title='bbox 979 1058 1100 1116; x_wconf 89' lang='lat' dir='ltr'><strong><em>deorum</em></strong></span> <span class='ocrx_word' id='word_1_49' title='bbox 1126 1060 1158 1116; x_wconf 91' lang='lat' dir='ltr'><strong><em>in</em></strong></span> <span class='ocrx_word' id='word_1_50' title='bbox 1182 1059 1269 1118; x_wconf 83' lang='lat' dir='ltr'><strong><em>fastis</em></strong></span> <span class='ocrx_word' id='word_1_51' title='bbox 1290 1060 1443 1137; x_wconf 87' lang='lat' dir='ltr'><strong><em>adscripta</em></strong></span> 
     </span>
     <span class='ocr_line' id='line_1_7' title="bbox 117 1154 1441 1236; baseline 0.007 -27"><span class='ocrx_word' id='word_1_52' title='bbox 117 1169 207 1228; x_wconf 90' lang='lat' dir='ltr'><strong><em>posse</em></strong></span> <span class='ocrx_word' id='word_1_53' title='bbox 229 1154 347 1228; x_wconf 90' lang='lat' dir='ltr'><strong><em>quidem</em></strong></span> <span class='ocrx_word' id='word_1_54' title='bbox 369 1155 407 1213; x_wconf 89' lang='lat' dir='ltr'><strong><em>ad</em></strong></span> <span class='ocrx_word' id='word_1_55' title='bbox 428 1157 620 1214; x_wconf 80' lang='lat' dir='ltr'><strong><em>constitutam</em></strong></span> <span class='ocrx_word' id='word_1_56' title='bbox 642 1157 868 1232; x_wconf 88' lang='lat' dir='ltr'><strong><em>dedicatamque</em></strong></span> <span class='ocrx_word' id='word_1_57' title='bbox 889 1176 990 1216; x_wconf 90' lang='lat' dir='ltr'><strong><em>eorum</em></strong></span> <span class='ocrx_word' id='word_1_58' title='bbox 1012 1159 1116 1215; x_wconf 85' lang='lat' dir='ltr'><strong><em>aedem</em></strong></span> <span class='ocrx_word' id='word_1_59' title='bbox 1134 1159 1246 1231; x_wconf 85' lang='lat' dir='ltr'><strong><em>referri,</em></strong></span> <span class='ocrx_word' id='word_1_60' title='bbox 1269 1161 1441 1236; x_wconf 80' lang='lat' dir='ltr'><strong><em>neutiquam</em></strong></span> 
     </span>
     <span class='ocr_line' id='line_1_8' title="bbox 116 1253 1441 1332; baseline 0.009 -24"><span class='ocrx_word' id='word_1_61' title='bbox 116 1270 187 1310; x_wconf 85' lang='lat' dir='ltr'><strong><em>vero</em></strong></span> <span class='ocrx_word' id='word_1_62' title='bbox 209 1253 240 1310; x_wconf 92' lang='lat' dir='ltr'><strong><em>id</em></strong></span> <span class='ocrx_word' id='word_1_63' title='bbox 262 1272 378 1312; x_wconf 89' lang='lat' dir='ltr'><strong><em>sacrum</em></strong></span> <span class='ocrx_word' id='word_1_64' title='bbox 400 1258 481 1331; x_wconf 91' lang='lat' dir='ltr'><strong><em>quod</em></strong></span> <span class='ocrx_word' id='word_1_65' title='bbox 502 1259 631 1332; x_wconf 89' lang='lat' dir='ltr'><strong><em>primum</em></strong></span> <span class='ocrx_word' id='word_1_66' title='bbox 652 1258 690 1315; x_wconf 87' lang='lat' dir='ltr'><strong><em>ad</em></strong></span> <span class='ocrx_word' id='word_1_67' title='bbox 708 1259 900 1316; x_wconf 87' lang='lat' dir='ltr'><strong><em>constitutam</em></strong></span> <span class='ocrx_word' id='word_1_68' title='bbox 920 1277 1003 1315; x_wconf 89' lang='lat' dir='ltr'><strong><em>aram</em></strong></span> <span class='ocrx_word' id='word_1_69' title='bbox 1024 1259 1133 1317; x_wconf 86' lang='lat' dir='ltr'><strong><em>lactum</em></strong></span> <span class='ocrx_word' id='word_1_70' title='bbox 1156 1262 1197 1318; x_wconf 88' lang='lat' dir='ltr'><strong><em>sit</em></strong></span> <span class='ocrx_word' id='word_1_71' title='bbox 1216 1261 1351 1319; x_wconf 87' lang='lat' dir='ltr'><strong><em>habitum</em></strong></span> <span class='ocrx_word' id='word_1_72' title='bbox 1373 1278 1441 1320; x_wconf 84' lang='lat' dir='ltr'><strong><em>essa</em></strong></span> 
     </span>
     <span class='ocr_line' id='line_1_9' title="bbox 116 1354 1441 1439; baseline 0.008 -30"><span class='ocrx_word' id='word_1_73' title='bbox 116 1369 172 1427; x_wconf 92' lang='lat' dir='ltr'><strong><em>pro</em></strong></span> <span class='ocrx_word' id='word_1_74' title='bbox 193 1354 286 1411; x_wconf 88' lang='lat' dir='ltr'><strong><em>natali</em></strong></span> <span class='ocrx_word' id='word_1_75' title='bbox 312 1356 395 1414; x_wconf 81' lang='lat' dir='ltr'><strong><em>aedis</em></strong></span> <span class='ocrx_word' id='word_1_76' title='bbox 417 1356 481 1428; x_wconf 86' lang='lat' dir='ltr'><strong><em>die,</em></strong></span> <span class='ocrx_word' id='word_1_77' title='bbox 509 1376 597 1432; x_wconf 91' lang='lat' dir='ltr'><strong><em>quem</em></strong></span> <span class='ocrx_word' id='word_1_78' title='bbox 618 1357 771 1416; x_wconf 82' lang='lat' dir='ltr'><strong><em>dedicatae</em></strong></span> <span class='ocrx_word' id='word_1_79' title='bbox 797 1376 865 1417; x_wconf 89' lang='lat' dir='ltr'><strong><em>esse</em></strong></span> <span class='ocrx_word' id='word_1_80' title='bbox 890 1359 1035 1418; x_wconf 81' lang='lat' dir='ltr'><strong><em>fastorum</em></strong></span> <span class='ocrx_word' id='word_1_81' title='bbox 1063 1358 1246 1420; x_wconf 80' lang='lat' dir='ltr'><strong><em>documentis</em></strong></span> <span class='ocrx_word' id='word_1_82' title='bbox 1273 1380 1364 1439; x_wconf 90' lang='lat' dir='ltr'><strong><em>supra</em></strong></span> <span class='ocrx_word' id='word_1_83' title='bbox 1390 1361 1441 1419; x_wconf 91' lang='lat' dir='ltr'><strong><em>de·</em></strong></span> 
     </span>
     <span class='ocr_line' id='line_1_10' title="bbox 116 1455 1442 1537; baseline 0.007 -27"><span class='ocrx_word' id='word_1_84' title='bbox 116 1455 358 1514; x_wconf 88' lang='lat' dir='ltr'><strong><em>monstravimus.</em></strong></span> <span class='ocrx_word' id='word_1_85' title='bbox 401 1475 455 1514; x_wconf 87' lang='lat' dir='ltr'><strong><em>nec</em></strong></span> <span class='ocrx_word' id='word_1_86' title='bbox 474 1459 574 1518; x_wconf 88' lang='lat' dir='ltr'><strong><em>minus</em></strong></span> <span class='ocrx_word' id='word_1_87' title='bbox 595 1467 707 1516; x_wconf 87' lang='lat' dir='ltr'><strong><em>certum</em></strong></span> <span class='ocrx_word' id='word_1_88' title='bbox 730 1459 845 1518; x_wconf 88' lang='lat' dir='ltr'><strong><em>videtur</em></strong></span> <span class='ocrx_word' id='word_1_89' title='bbox 870 1459 948 1517; x_wconf 90' lang='lat' dir='ltr'><strong><em>huno</em></strong></span> <span class='ocrx_word' id='word_1_90' title='bbox 976 1459 1055 1518; x_wconf 91' lang='lat' dir='ltr'><strong><em>diem</em></strong></span> <span class='ocrx_word' id='word_1_91' title='bbox 1077 1463 1205 1520; x_wconf 88' lang='lat' dir='ltr'><strong><em>natalem</em></strong></span> <span class='ocrx_word' id='word_1_92' title='bbox 1227 1480 1286 1520; x_wconf 91' lang='lat' dir='ltr'><strong><em>non</em></strong></span> <span class='ocrx_word' id='word_1_93' title='bbox 1307 1462 1442 1537; x_wconf 88' lang='lat' dir='ltr'><strong><em>potuisse</em></strong></span> 
     </span>
     <span class='ocr_line' id='line_1_11' title="bbox 115 1552 1441 1637; baseline 0.008 -28"><span class='ocrx_word' id='word_1_94' title='bbox 115 1552 183 1610; x_wconf 88' lang='lat' dir='ltr'><strong><em>loco</em></strong></span> <span class='ocrx_word' id='word_1_95' title='bbox 205 1556 319 1613; x_wconf 83' lang='lat' dir='ltr'><strong><em>moveri</em></strong></span> <span class='ocrx_word' id='word_1_96' title='bbox 339 1557 528 1617; x_wconf 85' lang='lat' dir='ltr'><strong><em>restitutione</em></strong></span> <span class='ocrx_word' id='word_1_97' title='bbox 549 1559 662 1634; x_wconf 87' lang='lat' dir='ltr'><strong><em>templi,</em></strong></span> <span class='ocrx_word' id='word_1_98' title='bbox 689 1560 823 1633; x_wconf 90' lang='lat' dir='ltr'><strong><em>potuisse</em></strong></span> <span class='ocrx_word' id='word_1_99' title='bbox 848 1561 926 1618; x_wconf 88' lang='lat' dir='ltr'><strong><em>hano</em></strong></span> <span class='ocrx_word' id='word_1_100' title='bbox 951 1578 1080 1637; x_wconf 84' lang='lat' dir='ltr'><strong><em>quoque,</em></strong></span> <span class='ocrx_word' id='word_1_101' title='bbox 1108 1563 1248 1637; x_wconf 88' lang='lat' dir='ltr'><strong><em>quoniam</em></strong></span> <span class='ocrx_word' id='word_1_102' title='bbox 1269 1581 1335 1621; x_wconf 88' lang='lat' dir='ltr'><strong><em>cum</em></strong></span> <span class='ocrx_word' id='word_1_103' title='bbox 1357 1561 1441 1620; x_wconf 89' lang='lat' dir='ltr'><strong><em>dedi·</em></strong></span> 
     </span>
     <span class='ocr_line' id='line_1_12' title="bbox 116 1653 1442 1738; baseline 0.008 -29"><span class='ocrx_word' id='word_1_104' title='bbox 116 1653 234 1713; x_wconf 88' lang='lat' dir='ltr'><strong><em>catione</em></strong></span> <span class='ocrx_word' id='word_1_105' title='bbox 255 1656 363 1714; x_wconf 87' lang='lat' dir='ltr'><strong><em>iterata</em></strong></span> <span class='ocrx_word' id='word_1_106' title='bbox 382 1661 552 1718; x_wconf 82' lang='lat' dir='ltr'><strong><em>necessario</em></strong></span> <span class='ocrx_word' id='word_1_107' title='bbox 575 1659 615 1717; x_wconf 88' lang='lat' dir='ltr'><strong><em>sit</em></strong></span> <span class='ocrx_word' id='word_1_108' title='bbox 634 1661 802 1730; x_wconf 89' lang='lat' dir='ltr'><strong><em>coniuncta,</em></strong></span> <span class='ocrx_word' id='word_1_109' title='bbox 824 1660 1000 1718; x_wconf 88' lang='lat' dir='ltr'><strong><em>secundario</em></strong></span> <span class='ocrx_word' id='word_1_110' title='bbox 1022 1662 1123 1737; x_wconf 87' lang='lat' dir='ltr'><strong><em>aliquo</em></strong></span> <span class='ocrx_word' id='word_1_111' title='bbox 1144 1680 1229 1722; x_wconf 90' lang='lat' dir='ltr'><strong><em>sacro</em></strong></span> <span class='ocrx_word' id='word_1_112' title='bbox 1251 1672 1391 1738; x_wconf 90' lang='lat' dir='ltr'><strong><em>statoque</em></strong></span> <span class='ocrx_word' id='word_1_113' title='bbox 1411 1671 1442 1720; x_wconf 89' lang='lat' dir='ltr'><strong><em>et</em></strong></span> 
     </span>
     <span class='ocr_line' id='line_1_13' title="bbox 117 1753 1441 1839; baseline 0.008 -29"><span class='ocrx_word' id='word_1_114' title='bbox 117 1753 256 1813; x_wconf 85' lang='lat' dir='ltr'><strong><em>sollemni</em></strong></span> <span class='ocrx_word' id='word_1_115' title='bbox 282 1757 434 1816; x_wconf 88' lang='lat' dir='ltr'><strong><em>celebrari.</em></strong></span> <span class='ocrx_word' id='word_1_116' title='bbox 479 1760 607 1817; x_wconf 86' lang='lat' dir='ltr'><strong><em>vidimus</em></strong></span> <span class='ocrx_word' id='word_1_117' title='bbox 633 1761 752 1818; x_wconf 89' lang='lat' dir='ltr'><strong><em>restitui</em></strong></span> <span class='ocrx_word' id='word_1_118' title='bbox 779 1761 898 1818; x_wconf 84' lang='lat' dir='ltr'><strong><em>reficiva</em></strong></span> <span class='ocrx_word' id='word_1_119' title='bbox 919 1762 1009 1818; x_wconf 90' lang='lat' dir='ltr'><strong><em>etiam</em></strong></span> <span class='ocrx_word' id='word_1_120' title='bbox 1031 1779 1083 1819; x_wconf 89' lang='lat' dir='ltr'><strong><em>eas</em></strong></span> <span class='ocrx_word' id='word_1_121' title='bbox 1105 1762 1194 1821; x_wconf 85' lang='lat' dir='ltr'><strong><em>aedes</em></strong></span> <span class='ocrx_word' id='word_1_122' title='bbox 1215 1763 1273 1820; x_wconf 89' lang='lat' dir='ltr'><strong><em>dici</em></strong></span> <span class='ocrx_word' id='word_1_123' title='bbox 1300 1781 1376 1839; x_wconf 89' lang='lat' dir='ltr'><strong><em>quae</em></strong></span> <span class='ocrx_word' id='word_1_124' title='bbox 1403 1762 1441 1820; x_wconf 92' lang='lat' dir='ltr'><strong><em>de</em></strong></span> 
     </span>
     <span class='ocr_line' id='line_1_14' title="bbox 117 1853 1442 1937; baseline 0.008 -27"><span class='ocrx_word' id='word_1_125' title='bbox 117 1853 185 1911; x_wconf 89' lang='lat' dir='ltr'><strong><em>solo</em></strong></span> <span class='ocrx_word' id='word_1_126' title='bbox 213 1855 390 1915; x_wconf 88' lang='lat' dir='ltr'><strong><em>reficiendae</em></strong></span> <span class='ocrx_word' id='word_1_127' title='bbox 417 1868 518 1916; x_wconf 91' lang='lat' dir='ltr'><strong><em>essent</em></strong></span> <span class='ocrx_word' id='word_1_128' title='bbox 544 1859 659 1917; x_wconf 89' lang='lat' dir='ltr'><strong><em>eisdem</em></strong></span> <span class='ocrx_word' id='word_1_129' title='bbox 680 1860 787 1934; x_wconf 92' lang='lat' dir='ltr'><strong><em>quibus</em></strong></span> <span class='ocrx_word' id='word_1_130' title='bbox 810 1869 879 1916; x_wconf 91' lang='lat' dir='ltr'><strong><em>ante</em></strong></span> <span class='ocrx_word' id='word_1_131' title='bbox 899 1860 1028 1918; x_wconf 85' lang='lat' dir='ltr'><strong><em>fuissent</em></strong></span> <span class='ocrx_word' id='word_1_132' title='bbox 1048 1862 1193 1937; x_wconf 86' lang='lat' dir='ltr'><strong><em>vestigiis.</em></strong></span> <span class='ocrx_word' id='word_1_133' title='bbox 1225 1863 1338 1921; x_wconf 89' lang='lat' dir='ltr'><strong><em>scilicet</em></strong></span> <span class='ocrx_word' id='word_1_134' title='bbox 1358 1866 1442 1921; x_wconf 90' lang='lat' dir='ltr'><strong><em>etiam</em></strong></span> 
     </span>
     <span class='ocr_line' id='line_1_15' title="bbox 116 1956 1441 2037; baseline 0.008 -26"><span class='ocrx_word' id='word_1_135' title='bbox 116 1956 211 2012; x_wconf 86' lang='lat' dir='ltr'><strong><em>dirn&#39;to</em></strong></span> <span class='ocrx_word' id='word_1_136' title='bbox 232 1957 361 2031; x_wconf 83' lang='lat' dir='ltr'><strong><em>aedificio</em></strong></span> <span class='ocrx_word' id='word_1_137' title='bbox 383 1959 475 2018; x_wconf 88' lang='lat' dir='ltr'><strong><em>locam</em></strong></span> <span class='ocrx_word' id='word_1_138' title='bbox 496 1978 609 2018; x_wconf 84' lang='lat' dir='ltr'><strong><em>sacram</em></strong></span> <span class='ocrx_word' id='word_1_139' title='bbox 629 1978 741 2017; x_wconf 75' lang='lat' dir='ltr'><strong><em>manem</em></strong></span> <span class='ocrx_word' id='word_1_140' title='bbox 762 1959 908 2018; x_wconf 85' lang='lat' dir='ltr'><strong><em>Marciani</em></strong></span> <span class='ocrx_word' id='word_1_141' title='bbox 928 1959 1003 2017; x_wconf 91' lang='lat' dir='ltr'><strong><em>illud</em></strong></span> <span class='ocrx_word' id='word_1_142' title='bbox 1026 1960 1115 2037; x_wconf 85' lang='lat' dir='ltr'><strong><em>Digg.</em></strong></span> <span class='ocrx_word' id='word_1_143' title='bbox 1135 1964 1162 2032; x_wconf 91' lang='lat'><strong><em>1,</em></strong></span> <span class='ocrx_word' id='word_1_144' title='bbox 1186 1962 1215 2032; x_wconf 88' lang='lat'><strong><em>8,</em></strong></span> <span class='ocrx_word' id='word_1_145' title='bbox 1238 1962 1265 2034; x_wconf 89' lang='lat'><strong><em>6,</em></strong></span> <span class='ocrx_word' id='word_1_146' title='bbox 1289 1964 1317 2033; x_wconf 89' lang='lat'><strong><em>3,</em></strong></span> <span class='ocrx_word' id='word_1_147' title='bbox 1339 1964 1441 2022; x_wconf 87' lang='lat' dir='ltr'><strong><em>rectis·</em></strong></span> 
     </span>
     <span class='ocr_line' id='line_1_16' title="bbox 117 2054 1443 2137; baseline 0.008 -26"><span class='ocrx_word' id='word_1_148' title='bbox 117 2054 192 2113; x_wconf 88' lang='lat' dir='ltr'><strong><em>sime</em></strong></span> <span class='ocrx_word' id='word_1_149' title='bbox 218 2055 257 2114; x_wconf 90' lang='lat' dir='ltr'><strong><em>H.</em></strong></span> <span class='ocrx_word' id='word_1_150' title='bbox 281 2057 460 2133; x_wconf 83' lang='lat' dir='ltr'><strong><em>Degeakolb</em></strong></span> <span class='ocrx_word' id='word_1_151' title='bbox 488 2077 572 2117; x_wconf 89' lang='lat' dir='ltr'><strong><em>meus</em></strong></span> <span class='ocrx_word' id='word_1_152' title='bbox 599 2059 773 2134; x_wconf 77' lang='lat' dir='ltr'><strong><em>(Plattrecltt</em></strong></span> <span class='ocrx_word' id='word_1_153' title='bbox 797 2062 858 2116; x_wconf 84' lang='lat' dir='ltr'><strong><em>und</em></strong></span> <span class='ocrx_word' id='word_1_154' title='bbox 884 2060 989 2118; x_wconf 87' lang='lat' dir='ltr'><strong><em>Mietle</em></strong></span> <span class='ocrx_word' id='word_1_155' title='bbox 1016 2079 1045 2136; x_wconf 88' lang='lat' dir='ltr'><strong><em>p.</em></strong></span> <span class='ocrx_word' id='word_1_156' title='bbox 1070 2060 1142 2137; x_wconf 75' lang='lat'>122)</span> <span class='ocrx_word' id='word_1_157' title='bbox 1170 2063 1212 2120; x_wconf 89' lang='lat' dir='ltr'><strong><em>ita</em></strong></span> <span class='ocrx_word' id='word_1_158' title='bbox 1239 2064 1390 2121; x_wconf 85' lang='lat' dir='ltr'><strong><em>enarravit</em></strong></span> <span class='ocrx_word' id='word_1_159' title='bbox 1409 2073 1443 2121; x_wconf 90' lang='lat' dir='ltr'><strong><em>ut</em></strong></span> 
     </span>
     <span class='ocr_line' id='line_1_17' title="bbox 117 2156 1442 2237; baseline 0.006 -25"><span class='ocrx_word' id='word_1_160' title='bbox 117 2156 246 2215; x_wconf 87' lang='lat' dir='ltr'><strong><em>conlatis</em></strong></span> <span class='ocrx_word' id='word_1_161' title='bbox 269 2157 392 2216; x_wconf 88' lang='lat' dir='ltr'><strong><em>Traiani</em></strong></span> <span class='ocrx_word' id='word_1_162' title='bbox 414 2161 453 2216; x_wconf 92' lang='lat' dir='ltr'><strong><em>ad</em></strong></span> <span class='ocrx_word' id='word_1_163' title='bbox 474 2159 554 2217; x_wconf 88' lang='lat' dir='ltr'><strong><em>Plin.</em></strong></span> <span class='ocrx_word' id='word_1_164' title='bbox 577 2160 614 2217; x_wconf 79' lang='lat'><strong><em>71</em></strong></span> <span class='ocrx_word' id='word_1_165' title='bbox 638 2161 737 2218; x_wconf 81' lang='lat' dir='ltr'><strong><em>verbis</em></strong></span> <span class='ocrx_word' id='word_1_166' title='bbox 759 2159 806 2217; x_wconf 91' lang='lat' dir='ltr'><strong><em>his</em></strong></span> <span class='ocrx_word' id='word_1_167' title='bbox 832 2179 899 2217; x_wconf 92' lang='lat' dir='ltr'><strong><em>nom</em></strong></span> <span class='ocrx_word' id='word_1_168' title='bbox 922 2164 950 2217; x_wconf 90' lang='lat' dir='ltr'><strong><em>si</em></strong></span> <span class='ocrx_word' id='word_1_169' title='bbox 963 2162 1050 2234; x_wconf 83' lang='lat' dir='ltr'><strong><em>sacta</em></strong></span> <span class='ocrx_word' id='word_1_170' title='bbox 1071 2172 1113 2218; x_wconf 86' lang='lat' dir='ltr'><strong><em>est</em></strong></span> <span class='ocrx_word' id='word_1_171' title='bbox 1132 2161 1267 2237; x_wconf 90' lang='lat' dir='ltr'><strong><em>(aedes),</em></strong></span> <span class='ocrx_word' id='word_1_172' title='bbox 1294 2163 1356 2221; x_wconf 89' lang='lat' dir='ltr'><strong><em>licet</em></strong></span> <span class='ocrx_word' id='word_1_173' title='bbox 1377 2181 1442 2222; x_wconf 91' lang='lat' dir='ltr'><strong><em>con·</em></strong></span> 
     </span>
     <span class='ocr_line' id='line_1_18' title="bbox 117 2255 1443 2335; baseline 0.005 -22"><span class='ocrx_word' id='word_1_174' title='bbox 117 2255 205 2331; x_wconf 85' lang='lat' dir='ltr'><strong><em>lapsa</em></strong></span> <span class='ocrx_word' id='word_1_175' title='bbox 230 2261 276 2329; x_wconf 89' lang='lat' dir='ltr'><strong><em>eit,</em></strong></span> <span class='ocrx_word' id='word_1_176' title='bbox 303 2260 405 2334; x_wconf 78' lang='lat' dir='ltr'><strong><em>reliqio</em></strong></span> <span class='ocrx_word' id='word_1_177' title='bbox 431 2264 491 2317; x_wconf 84' lang='lat' dir='ltr'><strong><em>eius</em></strong></span> <span class='ocrx_word' id='word_1_178' title='bbox 513 2261 781 2335; x_wconf 72' lang='lat' dir='ltr'><strong><em>occupavissemus,</em></strong></span> <span class='ocrx_word' id='word_1_179' title='bbox 810 2259 1039 2329; x_wconf 87' lang='lat' dir='ltr'><strong><em>demonstraret,</em></strong></span> <span class='ocrx_word' id='word_1_180' title='bbox 1071 2261 1157 2316; x_wconf 88' lang='lat' dir='ltr'><strong><em>deum</em></strong></span> <span class='ocrx_word' id='word_1_181' title='bbox 1183 2262 1266 2318; x_wconf 85' lang='lat' dir='ltr'><strong><em>aedis</em></strong></span> <span class='ocrx_word' id='word_1_182' title='bbox 1287 2281 1354 2319; x_wconf 91' lang='lat' dir='ltr'><strong><em>cum</em></strong></span> <span class='ocrx_word' id='word_1_183' title='bbox 1376 2263 1443 2320; x_wconf 91' lang='lat' dir='ltr'><strong><em>solo</em></strong></span> 
     </span>
     <span class='ocr_line' id='line_1_19' title="bbox 116 2359 1443 2437; baseline 0.004 -23"><span class='ocrx_word' id='word_1_184' title='bbox 116 2359 342 2433; x_wconf 87' lang='lat' dir='ltr'><strong><em>possessiouem</em></strong></span> <span class='ocrx_word' id='word_1_185' title='bbox 370 2361 486 2418; x_wconf 89' lang='lat' dir='ltr'><strong><em>etiamsi</em></strong></span> <span class='ocrx_word' id='word_1_186' title='bbox 512 2359 566 2417; x_wconf 88' lang='lat' dir='ltr'><strong><em>illa</em></strong></span> <span class='ocrx_word' id='word_1_187' title='bbox 591 2359 719 2435; x_wconf 84' lang='lat' dir='ltr'><strong><em>perisset</em></strong></span> <span class='ocrx_word' id='word_1_188' title='bbox 746 2360 884 2417; x_wconf 88' lang='lat' dir='ltr'><strong><em>retinere.</em></strong></span> <span class='ocrx_word' id='word_1_189' title='bbox 926 2368 1045 2434; x_wconf 88' lang='lat' dir='ltr'><strong><em>poterat</em></strong></span> <span class='ocrx_word' id='word_1_190' title='bbox 1066 2359 1176 2416; x_wconf 86' lang='lat' dir='ltr'><strong><em>addere</em></strong></span> <span class='ocrx_word' id='word_1_191' title='bbox 1197 2360 1341 2437; x_wconf 81' lang='lat' dir='ltr'><strong><em>conlapsa</em></strong></span> <span class='ocrx_word' id='word_1_192' title='bbox 1363 2361 1443 2419; x_wconf 88' lang='lat' dir='ltr'><strong><em>aedi·</em></strong></span> 
     </span>
     <span class='ocr_line' id='line_1_20' title="bbox 116 2456 1442 2535; baseline 0.006 -22"><span class='ocrx_word' id='word_1_193' title='bbox 116 2456 186 2514; x_wconf 85' lang='lat' dir='ltr'><strong><em>licio</em></strong></span> <span class='ocrx_word' id='word_1_194' title='bbox 213 2477 267 2516; x_wconf 89' lang='lat' dir='ltr'><strong><em>neo</em></strong></span> <span class='ocrx_word' id='word_1_195' title='bbox 293 2460 402 2518; x_wconf 88' lang='lat' dir='ltr'><strong><em>natalis</em></strong></span> <span class='ocrx_word' id='word_1_196' title='bbox 431 2461 495 2517; x_wconf 91' lang='lat' dir='ltr'><strong><em>eius</em></strong></span> <span class='ocrx_word' id='word_1_197' title='bbox 524 2459 582 2517; x_wconf 91' lang='lat' dir='ltr'><strong><em>diei</em></strong></span> <span class='ocrx_word' id='word_1_198' title='bbox 609 2476 696 2516; x_wconf 86' lang='lat' dir='ltr'><strong><em>sacra</em></strong></span> <span class='ocrx_word' id='word_1_199' title='bbox 722 2460 811 2516; x_wconf 88' lang='lat' dir='ltr'><strong><em>inrito</em></strong></span> <span class='ocrx_word' id='word_1_200' title='bbox 838 2460 902 2517; x_wconf 86' lang='lat' dir='ltr'><strong><em>lieri</em></strong></span> <span class='ocrx_word' id='word_1_201' title='bbox 930 2478 984 2517; x_wconf 90' lang='lat' dir='ltr'><strong><em>nec</em></strong></span> <span class='ocrx_word' id='word_1_202' title='bbox 1011 2477 1120 2517; x_wconf 88' lang='lat' dir='ltr'><strong><em>nomen</em></strong></span> <span class='ocrx_word' id='word_1_203' title='bbox 1147 2477 1349 2535; x_wconf 72' lang='lat' dir='ltr'><strong><em>cognomenta</em></strong></span> <span class='ocrx_word' id='word_1_204' title='bbox 1376 2462 1442 2521; x_wconf 88' lang='lat' dir='ltr'><strong><em>eius</em></strong></span> 
     </span>
     <span class='ocr_line' id='line_1_21' title="bbox 115 2557 1443 2639; baseline 0.004 -25"><span class='ocrx_word' id='word_1_205' title='bbox 115 2557 223 2633; x_wconf 90' lang='lat' dir='ltr'><strong><em>perire,</em></strong></span> <span class='ocrx_word' id='word_1_206' title='bbox 258 2559 349 2618; x_wconf 89' lang='lat' dir='ltr'><strong><em>immo</em></strong></span> <span class='ocrx_word' id='word_1_207' title='bbox 381 2560 497 2618; x_wconf 87' lang='lat' dir='ltr'><strong><em>senatui</em></strong></span> <span class='ocrx_word' id='word_1_208' title='bbox 529 2578 569 2617; x_wconf 84' lang='lat' dir='ltr'><strong><em>ex</em></strong></span> <span class='ocrx_word' id='word_1_209' title='bbox 600 2560 774 2636; x_wconf 89' lang='lat' dir='ltr'><strong><em>pontificum</em></strong></span> <span class='ocrx_word' id='word_1_210' title='bbox 807 2560 925 2617; x_wconf 88' lang='lat' dir='ltr'><strong><em>decreto</em></strong></span> <span class='ocrx_word' id='word_1_211' title='bbox 957 2560 1159 2617; x_wconf 89' lang='lat' dir='ltr'><strong><em>necessarium</em></strong></span> <span class='ocrx_word' id='word_1_212' title='bbox 1191 2579 1298 2619; x_wconf 89' lang='lat' dir='ltr'><strong><em>munus</em></strong></span> <span class='ocrx_word' id='word_1_213' title='bbox 1329 2560 1443 2639; x_wconf 87' lang='lat' dir='ltr'><strong><em>iniungi</em></strong></span> 
     </span>
     <span class='ocr_line' id='line_1_22' title="bbox 116 2659 1443 2738; baseline 0.003 -22"><span class='ocrx_word' id='word_1_214' title='bbox 116 2660 291 2718; x_wconf 88' lang='lat' dir='ltr'><strong><em>restituendi</em></strong></span> <span class='ocrx_word' id='word_1_215' title='bbox 323 2679 360 2718; x_wconf 91' lang='lat' dir='ltr'><strong><em>ea</em></strong></span> <span class='ocrx_word' id='word_1_216' title='bbox 386 2680 463 2738; x_wconf 88' lang='lat' dir='ltr'><strong><em>quae</em></strong></span> <span class='ocrx_word' id='word_1_217' title='bbox 489 2660 528 2718; x_wconf 88' lang='lat' dir='ltr'><strong><em>ad</em></strong></span> <span class='ocrx_word' id='word_1_218' title='bbox 552 2667 670 2737; x_wconf 89' lang='lat' dir='ltr'><strong><em>tempus</em></strong></span> <span class='ocrx_word' id='word_1_219' title='bbox 703 2667 856 2718; x_wconf 87' lang='lat' dir='ltr'><strong><em>cessarent</em></strong></span> <span class='ocrx_word' id='word_1_220' title='bbox 881 2660 928 2718; x_wconf 86' lang='lat' dir='ltr'><strong><em>vel</em></strong></span> <span class='ocrx_word' id='word_1_221' title='bbox 960 2661 1111 2735; x_wconf 88' lang='lat' dir='ltr'><strong><em>perissent</em></strong></span> <span class='ocrx_word' id='word_1_222' title='bbox 1143 2659 1250 2735; x_wconf 89' lang='lat' dir='ltr'><strong><em>deique</em></strong></span> <span class='ocrx_word' id='word_1_223' title='bbox 1279 2662 1344 2719; x_wconf 83' lang='lat' dir='ltr'><strong><em>sive</em></strong></span> <span class='ocrx_word' id='word_1_224' title='bbox 1370 2661 1443 2720; x_wconf 88' lang='lat' dir='ltr'><strong><em>deae</em></strong></span> 
     </span>
     <span class='ocr_line' id='line_1_23' title="bbox 115 2760 1443 2836; baseline 0.004 -19"><span class='ocrx_word' id='word_1_225' title='bbox 115 2760 237 2836; x_wconf 90' lang='lat' dir='ltr'><strong><em>genium</em></strong></span> <span class='ocrx_word' id='word_1_226' title='bbox 262 2762 439 2820; x_wconf 86' lang='lat' dir='ltr'><strong><em>iunonemve</em></strong></span> <span class='ocrx_word' id='word_1_227' title='bbox 465 2760 611 2836; x_wconf 90' lang='lat' dir='ltr'><strong><em>placandi.</em></strong></span> <span class='ocrx_word' id='word_1_228' title='bbox 666 2777 725 2835; x_wconf 92' lang='lat' dir='ltr'><strong><em>quo</em></strong></span> <span class='ocrx_word' id='word_1_229' title='bbox 752 2761 928 2819; x_wconf 87' lang='lat' dir='ltr'><strong><em>restituendi</em></strong></span> <span class='ocrx_word' id='word_1_230' title='bbox 953 2779 1074 2818; x_wconf 89' lang='lat' dir='ltr'><strong><em>munere</em></strong></span> <span class='ocrx_word' id='word_1_231' title='bbox 1101 2761 1238 2819; x_wconf 90' lang='lat' dir='ltr'><strong><em>absoluto</em></strong></span> <span class='ocrx_word' id='word_1_232' title='bbox 1264 2761 1360 2818; x_wconf 89' lang='lat' dir='ltr'><strong><em>eidem</em></strong></span> <span class='ocrx_word' id='word_1_233' title='bbox 1387 2763 1443 2821; x_wconf 90' lang='lat' dir='ltr'><strong><em>deo</em></strong></span> 
     </span>
     <span class='ocr_line' id='line_1_24' title="bbox 116 2859 1443 2935; baseline 0.002 -17"><span class='ocrx_word' id='word_1_234' title='bbox 116 2861 153 2919; x_wconf 92' lang='lat' dir='ltr'><strong><em>de</em></strong></span> <span class='ocrx_word' id='word_1_235' title='bbox 170 2879 247 2920; x_wconf 90' lang='lat' dir='ltr'><strong><em>novo</em></strong></span> <span class='ocrx_word' id='word_1_236' title='bbox 269 2862 409 2921; x_wconf 88' lang='lat' dir='ltr'><strong><em>relectam</em></strong></span> <span class='ocrx_word' id='word_1_237' title='bbox 431 2863 535 2921; x_wconf 86' lang='lat' dir='ltr'><strong><em>aedem</em></strong></span> <span class='ocrx_word' id='word_1_238' title='bbox 558 2860 696 2919; x_wconf 86' lang='lat' dir='ltr'><strong><em>sollemni</em></strong></span> <span class='ocrx_word' id='word_1_239' title='bbox 718 2861 776 2919; x_wconf 87' lang='lat' dir='ltr'><strong><em>ritu</em></strong></span> <span class='ocrx_word' id='word_1_240' title='bbox 798 2860 964 2919; x_wconf 82' lang='lat' dir='ltr'><strong><em>dedicatam</em></strong></span> <span class='ocrx_word' id='word_1_241' title='bbox 988 2879 1054 2920; x_wconf 86' lang='lat' dir='ltr'><strong><em>esse</em></strong></span> <span class='ocrx_word' id='word_1_242' title='bbox 1076 2861 1113 2918; x_wconf 89' lang='lat' dir='ltr'><strong><em>de</em></strong></span> <span class='ocrx_word' id='word_1_243' title='bbox 1129 2859 1279 2935; x_wconf 85' lang='lat' dir='ltr'><strong><em>Capitolio</em></strong></span> <span class='ocrx_word' id='word_1_244' title='bbox 1301 2862 1443 2921; x_wconf 86' lang='lat' dir='ltr'><strong><em>traditum</em></strong></span> 
     </span>
     <span class='ocr_line' id='line_1_25' title="bbox 116 2959 1445 3039; baseline 0 -19"><span class='ocrx_word' id='word_1_245' title='bbox 116 2969 172 3020; x_wconf 90' lang='lat' dir='ltr'><strong><em>est.</em></strong></span> <span class='ocrx_word' id='word_1_246' title='bbox 215 2980 284 3021; x_wconf 87' lang='lat' dir='ltr'><strong><em>nam</em></strong></span> <span class='ocrx_word' id='word_1_247' title='bbox 306 2965 435 3039; x_wconf 90' lang='lat' dir='ltr'><strong><em>primum</em></strong></span> <span class='ocrx_word' id='word_1_248' title='bbox 457 2962 494 3036; x_wconf 79' lang='lat' dir='ltr'><strong><em>Q.</em></strong></span> <span class='ocrx_word' id='word_1_249' title='bbox 517 2960 657 3020; x_wconf 85' lang='lat' dir='ltr'><strong><em>Catulum</em></strong></span> <span class='ocrx_word' id='word_1_250' title='bbox 679 2961 796 3020; x_wconf 89' lang='lat' dir='ltr'><strong><em>Plinius</em></strong></span> <span class='ocrx_word' id='word_1_251' title='bbox 819 2959 868 3032; x_wconf 77' lang='lat'><strong><em>29,</em></strong></span> <span class='ocrx_word' id='word_1_252' title='bbox 891 2961 929 3018; x_wconf 73' lang='lat'><strong><em>23</em></strong></span> <span class='ocrx_word' id='word_1_253' title='bbox 956 2962 999 3019; x_wconf 89' lang='lat' dir='ltr'><strong><em>ait</em></strong></span> <span class='ocrx_word' id='word_1_254' title='bbox 1021 2980 1084 3020; x_wconf 84' lang='lat' dir='ltr'><strong><em>eum</em></strong></span> <span class='ocrx_word' id='word_1_255' title='bbox 1105 2961 1279 3036; x_wconf 81' lang='lat' dir='ltr'><strong><em>Capitolium</em></strong></span> <span class='ocrx_word' id='word_1_256' title='bbox 1301 2963 1445 3021; x_wconf 83' lang='lat' dir='ltr'><strong><em>dedicaret</em></strong></span> 
     </span>
     <span class='ocr_line' id='line_1_26' title="bbox 117 3061 1444 3138; baseline 0.002 -18"><span class='ocrx_word' id='word_1_257' title='bbox 117 3065 254 3122; x_wconf 89' lang='lat' dir='ltr'><strong><em>umbram</em></strong></span> <span class='ocrx_word' id='word_1_258' title='bbox 279 3065 311 3121; x_wconf 92' lang='lat' dir='ltr'><strong><em>in</em></strong></span> <span class='ocrx_word' id='word_1_259' title='bbox 336 3064 453 3120; x_wconf 86' lang='lat' dir='ltr'><strong><em>theatro</em></strong></span> <span class='ocrx_word' id='word_1_260' title='bbox 480 3063 600 3133; x_wconf 82' lang='lat' dir='ltr'><strong><em>iecisse,</em></strong></span> <span class='ocrx_word' id='word_1_261' title='bbox 632 3061 739 3120; x_wconf 84' lang='lat' dir='ltr'><strong><em>deinde</em></strong></span> <span class='ocrx_word' id='word_1_262' title='bbox 770 3079 837 3120; x_wconf 89' lang='lat' dir='ltr'><strong><em>cum</em></strong></span> <span class='ocrx_word' id='word_1_263' title='bbox 869 3061 976 3120; x_wconf 87' lang='lat' dir='ltr'><strong><em>iterum</em></strong></span> <span class='ocrx_word' id='word_1_264' title='bbox 1008 3069 1078 3138; x_wconf 89' lang='lat' dir='ltr'><strong><em>post</em></strong></span> <span class='ocrx_word' id='word_1_265' title='bbox 1108 3072 1235 3120; x_wconf 86' lang='lat' dir='ltr'><strong><em>mortem</em></strong></span> <span class='ocrx_word' id='word_1_266' title='bbox 1263 3061 1444 3138; x_wconf 86' lang='lat' dir='ltr'><strong><em>Vespasiani</em></strong></span> 
     </span>
     <span class='ocr_line' id='line_1_27' title="bbox 116 3159 1443 3239; baseline -0.002 -17"><span class='ocrx_word' id='word_1_267' title='bbox 116 3164 334 3239; x_wconf 89' lang='lat' dir='ltr'><strong><em>conflagrasset</em></strong></span> <span class='ocrx_word' id='word_1_268' title='bbox 363 3163 471 3221; x_wconf 84' lang='lat' dir='ltr'><strong><em>fratres</em></strong></span> <span class='ocrx_word' id='word_1_269' title='bbox 504 3163 621 3221; x_wconf 84' lang='lat' dir='ltr'><strong><em>arvales</em></strong></span> <span class='ocrx_word' id='word_1_270' title='bbox 654 3162 701 3220; x_wconf 89' lang='lat' dir='ltr'><strong><em>ad.</em></strong></span> <span class='ocrx_word' id='word_1_271' title='bbox 728 3163 758 3223; x_wconf 84' lang='lat' dir='ltr'><strong><em>t.</em></strong></span> <span class='ocrx_word' id='word_1_272' title='bbox 783 3162 823 3220; x_wconf 92' lang='lat' dir='ltr'><strong><em>id.</em></strong></span> <span class='ocrx_word' id='word_1_273' title='bbox 847 3161 921 3220; x_wconf 92' lang='lat' dir='ltr'><strong><em>Dec.</em></strong></span> <span class='ocrx_word' id='word_1_274' title='bbox 949 3181 975 3219; x_wconf 92' lang='lat' dir='ltr'><strong><em>a.</em></strong></span> <span class='ocrx_word' id='word_1_275' title='bbox 998 3181 1028 3237; x_wconf 90' lang='lat' dir='ltr'><strong><em>p.</em></strong></span> <span class='ocrx_word' id='word_1_276' title='bbox 1051 3159 1086 3220; x_wconf 80' lang='lat'><strong><em>0.</em></strong></span> <span class='ocrx_word' id='word_1_277' title='bbox 1109 3161 1149 3220; x_wconf 83' lang='lat'><strong><em>80</em></strong></span> <span class='ocrx_word' id='word_1_278' title='bbox 1177 3165 1208 3218; x_wconf 85' lang='lat' dir='ltr'><strong><em>in</em></strong></span> <span class='ocrx_word' id='word_1_279' title='bbox 1240 3162 1381 3237; x_wconf 77' lang='lat' dir='ltr'><strong><em>Capitolio</em></strong></span> <span class='ocrx_word' id='word_1_280' title='bbox 1412 3167 1443 3221; x_wconf 89' lang='lat' dir='ltr'><strong><em>in</em></strong></span> 
     </span>
     <span class='ocr_line' id='line_1_28' title="bbox 115 3262 1443 3338; baseline 0.001 -17"><span class='ocrx_word' id='word_1_281' title='bbox 115 3265 213 3321; x_wconf 88' lang='lat' dir='ltr'><strong><em>aedem</em></strong></span> <span class='ocrx_word' id='word_1_282' title='bbox 239 3262 310 3338; x_wconf 86' lang='lat' dir='ltr'><strong><em>Opis</em></strong></span> <span class='ocrx_word' id='word_1_283' title='bbox 332 3271 517 3320; x_wconf 84' lang='lat' dir='ltr'><strong><em>convenerant</em></strong></span> <span class='ocrx_word' id='word_1_284' title='bbox 536 3264 577 3319; x_wconf 88' lang='lat' dir='ltr'><strong><em>od</em></strong></span> <span class='ocrx_word' id='word_1_285' title='bbox 596 3273 662 3320; x_wconf 88' lang='lat' dir='ltr'><strong><em>cota</em></strong></span> <span class='ocrx_word' id='word_1_286' title='bbox 683 3263 877 3337; x_wconf 81' lang='lat' dir='ltr'><strong><em>nuncupanda</em></strong></span> <span class='ocrx_word' id='word_1_287' title='bbox 902 3263 944 3319; x_wconf 87' lang='lat' dir='ltr'><strong><em>ad</em></strong></span> <span class='ocrx_word' id='word_1_288' title='bbox 964 3265 1168 3319; x_wconf 83' lang='lat' dir='ltr'><strong><em>restitutionem</em></strong></span> <span class='ocrx_word' id='word_1_289' title='bbox 1192 3272 1220 3319; x_wconf 88' lang='lat' dir='ltr'><strong><em>et</em></strong></span> <span class='ocrx_word' id='word_1_290' title='bbox 1240 3263 1443 3322; x_wconf 82' lang='lat' dir='ltr'><strong><em>dedicationem</em></strong></span> 
     </span>
     <span class='ocr_line' id='line_1_29' title="bbox 119 3359 1442 3439; baseline -0.001 -17"><span class='ocrx_word' id='word_1_291' title='bbox 119 3362 248 3439; x_wconf 82' lang='lat' dir='ltr'><strong><em>Capitoli</em></strong></span> <span class='ocrx_word' id='word_1_292' title='bbox 272 3362 309 3418; x_wconf 84' lang='lat' dir='ltr'><strong><em>ab</em></strong></span> <span class='ocrx_word' id='word_1_293' title='bbox 336 3360 534 3436; x_wconf 85' lang='lat' dir='ltr'><strong><em>imp(eratore)</em></strong></span> <span class='ocrx_word' id='word_1_294' title='bbox 563 3361 595 3418; x_wconf 88' lang='grc' dir='ltr'><strong><em>Τ.</em></strong></span> <span class='ocrx_word' id='word_1_295' title='bbox 621 3362 744 3420; x_wconf 74' lang='lat' dir='ltr'><strong><em>Caeam</em></strong></span> <span class='ocrx_word' id='word_1_296' title='bbox 765 3362 942 3434; x_wconf 83' lang='lat' dir='ltr'><strong><em>Vespasiano</em></strong></span> <span class='ocrx_word' id='word_1_297' title='bbox 968 3359 1130 3434; x_wconf 75' lang='lat' dir='ltr'><strong><em>Anp(asto)</em></strong></span> <span class='ocrx_word' id='word_1_298' title='bbox 1162 3360 1245 3433; x_wconf 84' lang='lat' dir='ltr'><strong><em>(nam</em></strong></span> <span class='ocrx_word' id='word_1_299' title='bbox 1271 3361 1315 3417; x_wconf 88' lang='lat' dir='ltr'><strong><em>ita</em></strong></span> <span class='ocrx_word' id='word_1_300' title='bbox 1339 3371 1386 3420; x_wconf 89' lang='lat' dir='ltr'><strong><em>est</em></strong></span> <span class='ocrx_word' id='word_1_301' title='bbox 1410 3363 1442 3420; x_wconf 92' lang='lat' dir='ltr'><strong><em>in</em></strong></span> 
     </span>
     <span class='ocr_line' id='line_1_30' title="bbox 115 3458 1441 3535; baseline -0.003 -13"><span class='ocrx_word' id='word_1_302' title='bbox 115 3463 190 3522; x_wconf 85' lang='lat' dir='ltr'><strong><em>actis</em></strong></span> <span class='ocrx_word' id='word_1_303' title='bbox 215 3472 237 3521; x_wconf 91' lang='lat' dir='ltr'><strong><em>t.</em></strong></span> <span class='ocrx_word' id='word_1_304' title='bbox 259 3461 308 3534; x_wconf 77' lang='lat'><strong><em>23,</em></strong></span> <span class='ocrx_word' id='word_1_305' title='bbox 338 3461 376 3518; x_wconf 88' lang='lat'><strong><em>10</em></strong></span> <span class='ocrx_word' id='word_1_306' title='bbox 408 3461 446 3519; x_wconf 87' lang='lat' dir='ltr'><strong><em>cf.</em></strong></span> <span class='ocrx_word' id='word_1_307' title='bbox 473 3460 581 3518; x_wconf 84' lang='lat' dir='ltr'><strong><em>Marin.</em></strong></span> <span class='ocrx_word' id='word_1_308' title='bbox 607 3477 637 3534; x_wconf 88' lang='lat' dir='ltr'><strong><em>p.</em></strong></span> <span class='ocrx_word' id='word_1_309' title='bbox 662 3458 720 3517; x_wconf 78' lang='lat'><strong><em>206</em></strong></span> <span class='ocrx_word' id='word_1_310' title='bbox 748 3459 814 3534; x_wconf 77' lang='lat' dir='ltr'><strong><em>ss),</em></strong></span> <span class='ocrx_word' id='word_1_311' title='bbox 848 3478 937 3535; x_wconf 89' lang='lat' dir='ltr'><strong><em>quam</em></strong></span> <span class='ocrx_word' id='word_1_312' title='bbox 969 3459 1184 3517; x_wconf 87' lang='lat' dir='ltr'><strong><em>dedicationem</em></strong></span> <span class='ocrx_word' id='word_1_313' title='bbox 1216 3479 1235 3518; x_wconf 90' lang='lat' dir='ltr'><strong><em>a</em></strong></span> <span class='ocrx_word' id='word_1_314' title='bbox 1265 3459 1441 3520; x_wconf 86' lang='lat' dir='ltr'><strong><em>Domitiano</em></strong></span> 
     </span>
     <span class='ocr_line' id='line_1_31' title="bbox 114 3557 1440 3639; baseline -0.003 -17"><span class='ocrx_word' id='word_1_315' title='bbox 114 3583 142 3623; x_wconf 90' lang='lat' dir='ltr'><strong><em>a.</em></strong></span> <span class='ocrx_word' id='word_1_316' title='bbox 158 3563 197 3622; x_wconf 87' lang='lat'><strong><em>83</em></strong></span> <span class='ocrx_word' id='word_1_317' title='bbox 219 3571 370 3639; x_wconf 84' lang='lat' dir='ltr'><strong><em>peractam</em></strong></span> <span class='ocrx_word' id='word_1_318' title='bbox 391 3578 460 3619; x_wconf 87' lang='lat' dir='ltr'><strong><em>esse</em></strong></span> <span class='ocrx_word' id='word_1_319' title='bbox 480 3570 540 3620; x_wconf 88' lang='lat' dir='ltr'><strong><em>tam</em></strong></span> <span class='ocrx_word' id='word_1_320' title='bbox 563 3559 675 3618; x_wconf 90' lang='lat' dir='ltr'><strong><em>nummi</em></strong></span> <span class='ocrx_word' id='word_1_321' title='bbox 694 3560 782 3618; x_wconf 93' lang='lat' dir='ltr'><strong><em>huius</em></strong></span> <span class='ocrx_word' id='word_1_322' title='bbox 798 3559 868 3616; x_wconf 89' lang='lat' dir='ltr'><strong><em>anni</em></strong></span> <span class='ocrx_word' id='word_1_323' title='bbox 883 3577 973 3633; x_wconf 83' lang='lat' dir='ltr'><strong><em>quam</em></strong></span> <span class='ocrx_word' id='word_1_324' title='bbox 990 3557 1071 3619; x_wconf 87' lang='lat' dir='ltr'><strong><em>Suet.</em></strong></span> <span class='ocrx_word' id='word_1_325' title='bbox 1086 3559 1175 3616; x_wconf 91' lang='lat' dir='ltr'><strong><em>Dom.</em></strong></span> <span class='ocrx_word' id='word_1_326' title='bbox 1194 3558 1211 3616; x_wconf 91' lang='lat'>8</span> <span class='ocrx_word' id='word_1_327' title='bbox 1234 3562 1440 3636; x_wconf 87' lang='lat' dir='ltr'><strong><em>comprobant.</em></strong></span> 
     </span>
     <span class='ocr_line' id='line_1_32' title="bbox 113 3659 1442 3740; baseline -0.003 -17"><span class='ocrx_word' id='word_1_328' title='bbox 113 3665 215 3740; x_wconf 87' lang='lat' dir='ltr'><strong><em>itaque</em></strong></span> <span class='ocrx_word' id='word_1_329' title='bbox 240 3664 344 3722; x_wconf 83' lang='lat' dir='ltr'><strong><em>aedem</em></strong></span> <span class='ocrx_word' id='word_1_330' title='bbox 370 3680 436 3720; x_wconf 89' lang='lat' dir='ltr'><strong><em>eam</em></strong></span> <span class='ocrx_word' id='word_1_331' title='bbox 462 3679 580 3739; x_wconf 90' lang='lat' dir='ltr'><strong><em>quoque</em></strong></span> <span class='ocrx_word' id='word_1_332' title='bbox 610 3678 700 3737; x_wconf 85' lang='lat' dir='ltr'><strong><em>quam</em></strong></span> <span class='ocrx_word' id='word_1_333' title='bbox 726 3659 932 3736; x_wconf 85' lang='lat' dir='ltr'><strong><em>Vespasianus</em></strong></span> <span class='ocrx_word' id='word_1_334' title='bbox 958 3678 978 3716; x_wconf 89' lang='lat' dir='ltr'><strong><em>a</em></strong></span> <span class='ocrx_word' id='word_1_335' title='bbox 1004 3660 1069 3717; x_wconf 91' lang='lat' dir='ltr'><strong><em>solo</em></strong></span> <span class='ocrx_word' id='word_1_336' title='bbox 1101 3659 1171 3716; x_wconf 85' lang='lat' dir='ltr'><strong><em>feeit</em></strong></span> <span class='ocrx_word' id='word_1_337' title='bbox 1198 3659 1335 3718; x_wconf 88' lang='lat' dir='ltr'><strong><em>similiter</em></strong></span> <span class='ocrx_word' id='word_1_338' title='bbox 1359 3659 1442 3719; x_wconf 89' lang='lat' dir='ltr'><strong><em>dedi·</em></strong></span> 
     </span>
     <span class='ocr_line' id='line_1_33' title="bbox 114 3751 1440 3837; baseline -0.003 -14"><span class='ocrx_word' id='word_1_339' title='bbox 114 3773 211 3824; x_wconf 88' lang='lat' dir='ltr'><strong><em>catam</em></strong></span> <span class='ocrx_word' id='word_1_340' title='bbox 232 3781 300 3823; x_wconf 89' lang='lat' dir='ltr'><strong><em>esse</em></strong></span> <span class='ocrx_word' id='word_1_341' title='bbox 321 3751 433 3822; x_wconf 80' lang='lat' dir='ltr'><strong><em>certum</em></strong></span> <span class='ocrx_word' id='word_1_342' title='bbox 455 3769 510 3834; x_wconf 88' lang='lat' dir='ltr'><strong><em>est,</em></strong></span> <span class='ocrx_word' id='word_1_343' title='bbox 534 3760 605 3820; x_wconf 91' lang='lat' dir='ltr'><strong><em>licet</em></strong></span> <span class='ocrx_word' id='word_1_344' title='bbox 625 3778 703 3837; x_wconf 90' lang='lat' dir='ltr'><strong><em>quae</em></strong></span> <span class='ocrx_word' id='word_1_345' title='bbox 725 3777 812 3818; x_wconf 87' lang='lat' dir='ltr'><strong><em>sacra</em></strong></span> <span class='ocrx_word' id='word_1_346' title='bbox 833 3759 956 3818; x_wconf 84' lang='lat' dir='ltr'><strong><em>Tacitus</em></strong></span> <span class='ocrx_word' id='word_1_347' title='bbox 979 3767 1191 3827; x_wconf 84' lang='lat' dir='ltr'><strong><em>commemoret</em></strong></span> <span class='ocrx_word' id='word_1_348' title='bbox 1211 3759 1381 3834; x_wconf 86' lang='lat' dir='ltr'><strong><em>pertineant</em></strong></span> <span class='ocrx_word' id='word_1_349' title='bbox 1401 3761 1440 3819; x_wconf 91' lang='lat' dir='ltr'><strong><em>ad</em></strong></span> 
     </span>
     <span class='ocr_line' id='line_1_34' title="bbox 114 3840 1441 3938; baseline -0.004 -14"><span class='ocrx_word' id='word_1_350' title='bbox 114 3867 211 3924; x_wconf 85' lang='lat' dir='ltr'><strong><em>solam</em></strong></span> <span class='ocrx_word' id='word_1_351' title='bbox 237 3883 326 3924; x_wconf 87' lang='lat' dir='ltr'><strong><em>areae</em></strong></span> <span class='ocrx_word' id='word_1_352' title='bbox 347 3840 566 3934; x_wconf 87' lang='lat' dir='ltr'><strong><em>lustrationem,</em></strong></span> <span class='ocrx_word' id='word_1_353' title='bbox 598 3861 792 3921; x_wconf 84' lang='lat' dir='ltr'><strong><em>fundamenta</em></strong></span> <span class='ocrx_word' id='word_1_354' title='bbox 816 3861 963 3934; x_wconf 84' lang='lat' dir='ltr'><strong><em>facienda,</em></strong></span> <span class='ocrx_word' id='word_1_355' title='bbox 995 3861 1151 3919; x_wconf 86' lang='lat' dir='ltr'><strong><em>materiam</em></strong></span> <span class='ocrx_word' id='word_1_356' title='bbox 1177 3861 1281 3936; x_wconf 91' lang='lat' dir='ltr'><strong><em>templi</em></strong></span> <span class='ocrx_word' id='word_1_357' title='bbox 1307 3861 1441 3938; x_wconf 87' lang='lat' dir='ltr'><strong><em>conlapsi</em></strong></span> 
     </span>
     <span class='ocr_line' id='line_1_35' title="bbox 113 3960 1439 4041; baseline -0.003 -17"><span class='ocrx_word' id='word_1_358' title='bbox 113 3966 296 4037; x_wconf 86' lang='lat' dir='ltr'><strong><em>evehendae,</em></strong></span> <span class='ocrx_word' id='word_1_359' title='bbox 326 3984 363 4024; x_wconf 89' lang='lat' dir='ltr'><strong><em>ne</em></strong></span> <span class='ocrx_word' id='word_1_360' title='bbox 391 3965 597 4041; x_wconf 86' lang='lat' dir='ltr'><strong><em>proianeretur</em></strong></span> <span class='ocrx_word' id='word_1_361' title='bbox 617 3963 735 4039; x_wconf 87' lang='lat' dir='ltr'><strong><em>privato</em></strong></span> <span class='ocrx_word' id='word_1_362' title='bbox 756 3979 822 4021; x_wconf 85' lang='lat' dir='ltr'><strong><em>usu.</em></strong></span> <span class='ocrx_word' id='word_1_363' title='bbox 866 3962 903 4020; x_wconf 91' lang='lat' dir='ltr'><strong><em>de</em></strong></span> <span class='ocrx_word' id='word_1_364' title='bbox 935 3961 1002 4018; x_wconf 88' lang='lat' dir='ltr'><strong><em>aliis</em></strong></span> <span class='ocrx_word' id='word_1_365' title='bbox 1030 3961 1154 4020; x_wconf 89' lang='lat' dir='ltr'><strong><em>aedibus</em></strong></span> <span class='ocrx_word' id='word_1_366' title='bbox 1182 3960 1301 4018; x_wconf 88' lang='lat' dir='ltr'><strong><em>reiectis</em></strong></span> <span class='ocrx_word' id='word_1_367' title='bbox 1329 3961 1439 4020; x_wconf 80' lang='lat' dir='ltr'><strong><em>similia</em></strong></span> 
     </span>
     <span class='ocr_line' id='line_1_36' title="bbox 113 4061 1439 4139; baseline -0.004 -14"><span class='ocrx_word' id='word_1_368' title='bbox 113 4067 191 4126; x_wconf 87' lang='lat' dir='ltr'><strong><em>tradi</em></strong></span> <span class='ocrx_word' id='word_1_369' title='bbox 217 4082 278 4123; x_wconf 90' lang='lat' dir='ltr'><strong><em>non</em></strong></span> <span class='ocrx_word' id='word_1_370' title='bbox 301 4064 424 4123; x_wconf 89' lang='lat' dir='ltr'><strong><em>memini</em></strong></span> <span class='ocrx_word' id='word_1_371' title='bbox 450 4082 498 4122; x_wconf 89' lang='lat' dir='ltr'><strong><em>me</em></strong></span> <span class='ocrx_word' id='word_1_372' title='bbox 523 4063 631 4139; x_wconf 87' lang='lat' dir='ltr'><strong><em>legere,</em></strong></span> <span class='ocrx_word' id='word_1_373' title='bbox 659 4062 710 4122; x_wconf 89' lang='lat' dir='ltr'><strong><em>sed</em></strong></span> <span class='ocrx_word' id='word_1_374' title='bbox 737 4081 855 4121; x_wconf 89' lang='lat' dir='ltr'><strong><em>causam</em></strong></span> <span class='ocrx_word' id='word_1_375' title='bbox 884 4062 994 4121; x_wconf 89' lang='lat' dir='ltr'><strong><em>nullam</em></strong></span> <span class='ocrx_word' id='word_1_376' title='bbox 1016 4062 1103 4120; x_wconf 88' lang='lat' dir='ltr'><strong><em>video</em></strong></span> <span class='ocrx_word' id='word_1_377' title='bbox 1125 4080 1178 4120; x_wconf 89' lang='lat' dir='ltr'><strong><em>cur</em></strong></span> <span class='ocrx_word' id='word_1_378' title='bbox 1200 4061 1351 4120; x_wconf 86' lang='lat' dir='ltr'><strong><em>dedicatas</em></strong></span> <span class='ocrx_word' id='word_1_379' title='bbox 1372 4080 1439 4121; x_wconf 89' lang='lat' dir='ltr'><strong><em>esse</em></strong></span> 
     </span>
     <span class='ocr_line' id='line_1_37' title="bbox 112 4161 1438 4243; baseline -0.005 -17"><span class='ocrx_word' id='word_1_380' title='bbox 112 4184 227 4243; x_wconf 82' lang='lat' dir='ltr'><strong><em>negem,</em></strong></span> <span class='ocrx_word' id='word_1_381' title='bbox 254 4165 345 4223; x_wconf 90' lang='lat' dir='ltr'><strong><em>immo</em></strong></span> <span class='ocrx_word' id='word_1_382' title='bbox 370 4164 581 4240; x_wconf 85' lang='lat' dir='ltr'><strong><em>gravissimum</em></strong></span> <span class='ocrx_word' id='word_1_383' title='bbox 607 4171 815 4238; x_wconf 89' lang='lat' dir='ltr'><strong><em>argumentum</em></strong></span> <span class='ocrx_word' id='word_1_384' title='bbox 842 4162 937 4220; x_wconf 87' lang='lat' dir='ltr'><strong><em>habeo</em></strong></span> <span class='ocrx_word' id='word_1_385' title='bbox 966 4181 1021 4220; x_wconf 88' lang='lat' dir='ltr'><strong><em>our</em></strong></span> <span class='ocrx_word' id='word_1_386' title='bbox 1046 4161 1209 4231; x_wconf 89' lang='lat' dir='ltr'><strong><em>adfirmem,</em></strong></span> <span class='ocrx_word' id='word_1_387' title='bbox 1238 4179 1346 4219; x_wconf 89' lang='lat' dir='ltr'><strong><em>nomen</em></strong></span> <span class='ocrx_word' id='word_1_388' title='bbox 1373 4161 1438 4219; x_wconf 87' lang='lat' dir='ltr'><strong><em>eius</em></strong></span> 
     </span>
     <span class='ocr_line' id='line_1_38' title="bbox 113 4261 1437 4343; baseline -0.005 -18"><span class='ocrx_word' id='word_1_389' title='bbox 113 4269 164 4343; x_wconf 91' lang='lat' dir='ltr'><strong><em>qui</em></strong></span> <span class='ocrx_word' id='word_1_390' title='bbox 185 4265 322 4325; x_wconf 86' lang='lat' dir='ltr'><strong><em>refecerit</em></strong></span> <span class='ocrx_word' id='word_1_391' title='bbox 341 4262 559 4323; x_wconf 84' lang='lat' dir='ltr'><strong><em>dedicaveritve</em></strong></span> <span class='ocrx_word' id='word_1_392' title='bbox 580 4262 648 4321; x_wconf 88' lang='lat' dir='ltr'><strong><em>aedi</em></strong></span> <span class='ocrx_word' id='word_1_393' title='bbox 669 4264 842 4336; x_wconf 88' lang='lat' dir='ltr'><strong><em>inscriptum</em></strong></span> <span class='ocrx_word' id='word_1_394' title='bbox 864 4279 924 4319; x_wconf 89' lang='lat' dir='ltr'><strong><em>non</em></strong></span> <span class='ocrx_word' id='word_1_395' title='bbox 945 4263 1044 4320; x_wconf 88' lang='lat' dir='ltr'><strong><em>minus</em></strong></span> <span class='ocrx_word' id='word_1_396' title='bbox 1067 4280 1156 4336; x_wconf 88' lang='lat' dir='ltr'><strong><em>quarn</em></strong></span> <span class='ocrx_word' id='word_1_397' title='bbox 1170 4261 1235 4318; x_wconf 90' lang='lat' dir='ltr'><strong><em>eius</em></strong></span> <span class='ocrx_word' id='word_1_398' title='bbox 1257 4261 1307 4335; x_wconf 89' lang='lat' dir='ltr'><strong><em>qui</em></strong></span> <span class='ocrx_word' id='word_1_399' title='bbox 1326 4261 1437 4318; x_wconf 85' lang='lat' dir='ltr'><strong><em>iecerit.</em></strong></span> 
     </span>
     <span class='ocr_line' id='line_1_39' title="bbox 113 4358 1438 4440; baseline -0.006 -14"><span class='ocrx_word' id='word_1_400' title='bbox 113 4368 201 4426; x_wconf 85' lang='lat' dir='ltr'><strong><em>fidem</em></strong></span> <span class='ocrx_word' id='word_1_401' title='bbox 232 4366 362 4424; x_wconf 82' lang='lat' dir='ltr'><strong><em>fortasse</em></strong></span> <span class='ocrx_word' id='word_1_402' title='bbox 392 4362 554 4440; x_wconf 81' lang='lat' dir='ltr'><strong><em>denegabis</em></strong></span> <span class='ocrx_word' id='word_1_403' title='bbox 586 4360 737 4439; x_wconf 81' lang='lat' dir='ltr'><strong><em>Dionysio</em></strong></span> <span class='ocrx_word' id='word_1_404' title='bbox 760 4363 789 4432; x_wconf 89' lang='lat'><strong><em>9,</em></strong></span> <span class='ocrx_word' id='word_1_405' title='bbox 819 4361 858 4420; x_wconf 88' lang='grc'><strong><em>60</em></strong></span> <span class='ocrx_word' id='word_1_406' title='bbox 891 4361 942 4437; x_wconf 88' lang='lat' dir='ltr'><strong><em>qui</em></strong></span> <span class='ocrx_word' id='word_1_407' title='bbox 974 4358 1026 4436; x_wconf 90' lang='lat' dir='ltr'><strong><em>Sp.</em></strong></span> <span class='ocrx_word' id='word_1_408' title='bbox 1060 4361 1250 4420; x_wconf 88' lang='lat' dir='ltr'><strong><em>Postumium</em></strong></span> <span class='ocrx_word' id='word_1_409' title='bbox 1282 4360 1438 4418; x_wconf 86' lang='lat' dir='ltr'><strong><em>dedicasse</em></strong></span> 
     </span>
     <span class='ocr_line' id='line_1_40' title="bbox 113 4457 1516 4546; baseline -0.006 -19"><span class='ocrx_word' id='word_1_410' title='bbox 113 4469 217 4527; x_wconf 88' lang='lat' dir='ltr'><strong><em>aedem</em></strong></span> <span class='ocrx_word' id='word_1_411' title='bbox 243 4465 297 4525; x_wconf 90' lang='lat' dir='ltr'><strong><em>Dii</em></strong></span> <span class='ocrx_word' id='word_1_412' title='bbox 320 4465 399 4524; x_wconf 86' lang='lat' dir='ltr'><strong><em>Fidii</em></strong></span> <span class='ocrx_word' id='word_1_413' title='bbox 425 4483 444 4522; x_wconf 89' lang='lat' dir='ltr'><strong><em>a</em></strong></span> <span class='ocrx_word' id='word_1_414' title='bbox 471 4462 638 4540; x_wconf 85' lang='lat' dir='ltr'><strong><em>Tarquinio</em></strong></span> <span class='ocrx_word' id='word_1_415' title='bbox 670 4462 799 4538; x_wconf 84' lang='lat' dir='ltr'><strong><em>superbo</em></strong></span> <span class='ocrx_word' id='word_1_416' title='bbox 829 4461 940 4519; x_wconf 89' lang='lat' dir='ltr'><strong><em>factam</em></strong></span> <span class='ocrx_word' id='word_1_417' title='bbox 968 4461 1013 4519; x_wconf 90' lang='lat' dir='ltr'><strong><em>sic</em></strong></span> <span class='ocrx_word' id='word_1_418' title='bbox 1038 4468 1155 4520; x_wconf 86' lang='lat' dir='ltr'><strong><em>narrat:</em></strong></span> <span class='ocrx_word' id='word_1_419' title='bbox 1187 4459 1347 4546; x_wconf 66' lang='grc' dir='ltr'><strong><em>καθιέρωσα</em></strong></span> <span class='ocrx_word' id='word_1_420' title='bbox 1375 4457 1437 4538; x_wconf 72' lang='lat' dir='ltr'><strong><em>(riv</em></strong></span> <span class='ocrx_word' id='word_1_421' title='bbox 1513 4534 1516 4539; x_wconf 27' lang='grc' dir='ltr'>Ι</span> 
     </span>
     <span class='ocr_line' id='line_1_41' title="bbox 114 4552 1436 4643; baseline -0.005 -19"><span class='ocrx_word' id='word_1_422' title='bbox 114 4563 195 4643; x_wconf 76' lang='lat' dir='ltr'><strong><em>oculo)</em></strong></span> <span class='ocrx_word' id='word_1_423' title='bbox 226 4555 506 4623; x_wconf 66' lang='grc' dir='ltr'><strong><em>κατασκευασθέντα</em></strong></span> <span class='ocrx_word' id='word_1_424' title='bbox 530 4552 579 4633; x_wconf 63' lang='grc' dir='ltr'><strong><em>μὲν</em></strong></span> <span class='ocrx_word' id='word_1_425' title='bbox 604 4556 660 4621; x_wconf 74' lang='lat' dir='ltr'><strong><em>ini</em></strong></span> <span class='ocrx_word' id='word_1_426' title='bbox 691 4564 746 4620; x_wconf 75' lang='lat' dir='ltr'><strong><em>rati</em></strong></span> <span class='ocrx_word' id='word_1_427' title='bbox 770 4553 933 4619; x_wconf 67' lang='grc' dir='ltr'><strong><em>τελευταίου</em></strong></span> <span class='ocrx_word' id='word_1_428' title='bbox 959 4553 1120 4634; x_wconf 63' lang='grc' dir='ltr'><em>βασιλέως,</em></span> <span class='ocrx_word' id='word_1_429' title='bbox 1153 4564 1205 4632; x_wconf 70' lang='grc' dir='ltr'><strong><em>τῆς</em></strong></span> <span class='ocrx_word' id='word_1_430' title='bbox 1236 4552 1266 4620; x_wconf 75' lang='grc' dir='ltr'><strong><em>δὲ</em></strong></span> <span class='ocrx_word' id='word_1_431' title='bbox 1299 4555 1436 4632; x_wconf 72' lang='grc' dir='ltr'><em>νομιζομέ-</em></span> 
     </span>
    </p>
   </div>
   <div class='ocr_carea' id='block_1_3' title="bbox 112 4651 1437 5151">
    <p class='ocr_par' dir='ltr' id='par_1_4' title="bbox 112 4651 1437 5151">
     <span class='ocr_line' id='line_1_42' title="bbox 114 4651 1437 4749; baseline -0.006 -24"><span class='ocrx_word' id='word_1_432' title='bbox 114 4690 162 4738; x_wconf 73' lang='grc' dir='ltr'><strong><em>νης</em></strong></span> <span class='ocrx_word' id='word_1_433' title='bbox 192 4659 271 4749; x_wconf 72' lang='grc' dir='ltr'><strong><em>παρὰ</em></strong></span> <span class='ocrx_word' id='word_1_434' title='bbox 294 4657 438 4732; x_wconf 63' lang='grc' dir='ltr'><strong><em>Ῥωμαίοις</em></strong></span> <span class='ocrx_word' id='word_1_435' title='bbox 465 4653 637 4746; x_wconf 71' lang='lat' dir='ltr'><strong><em>desipuisses</em></strong></span> <span class='ocrx_word' id='word_1_436' title='bbox 662 4657 695 4719; x_wconf 81' lang='grc' dir='ltr'><strong><em>ου’</em></strong></span> <span class='ocrx_word' id='word_1_437' title='bbox 724 4651 857 4740; x_wconf 50' lang='lat' dir='ltr'><strong><em>razdom</em></strong></span> <span class='ocrx_word' id='word_1_438' title='bbox 889 4656 939 4718; x_wconf 71' lang='grc' dir='ltr'><strong><em>ἀπ’</em></strong></span> <span class='ocrx_word' id='word_1_439' title='bbox 971 4655 1084 4720; x_wconf 69' lang='grc' dir='ltr'><strong><em>ἐκείνου.</em></strong></span> <span class='ocrx_word' id='word_1_440' title='bbox 1130 4652 1193 4719; x_wconf 78' lang='lat' dir='ltr'><strong><em>ro&#39;rs</em></strong></span> <span class='ocrx_word' id='word_1_441' title='bbox 1220 4658 1254 4730; x_wconf 67' lang='lat' dir='ltr'><strong><em>dr)</em></strong></span> <span class='ocrx_word' id='word_1_442' title='bbox 1280 4664 1316 4738; x_wconf 72' lang='grc' dir='ltr'><strong><em>τῇ</em></strong></span> <span class='ocrx_word' id='word_1_443' title='bbox 1339 4654 1437 4737; x_wconf 64' lang='grc' dir='ltr'><em>βουλῇ</em></span> 
     </span>
     <span class='ocr_line' id='line_1_43' title="bbox 112 4754 1435 4849; baseline -0.007 -22"><span class='ocrx_word' id='word_1_444' title='bbox 112 4760 205 4849; x_wconf 73' lang='grc' dir='ltr'><em>δόξαν</em></span> <span class='ocrx_word' id='word_1_445' title='bbox 226 4765 240 4824; x_wconf 81' lang='grc' dir='ltr'>ὅ</span> <span class='ocrx_word' id='word_1_446' title='bbox 263 4757 418 4831; x_wconf 70' lang='lat' dir='ltr'><strong><em>Hortinae</em></strong></span> <span class='ocrx_word' id='word_1_447' title='bbox 437 4755 546 4829; x_wconf 67' lang='grc' dir='ltr'><em>ἔλαβεν</em></span> <span class='ocrx_word' id='word_1_448' title='bbox 567 4759 659 4820; x_wconf 69' lang='lat' dir='ltr'><strong><em>adecti</em></strong></span> <span class='ocrx_word' id='word_1_449' title='bbox 678 4755 727 4830; x_wconf 60' lang='lat' dir='ltr'><strong><em>miv</em></strong></span> <span class='ocrx_word' id='word_1_450' title='bbox 747 4754 923 4843; x_wconf 66' lang='grc' dir='ltr'><strong><em>ε’πιγραφῆνε</em></strong></span> <span class='ocrx_word' id='word_1_451' title='bbox 948 4771 980 4819; x_wconf 82' lang='lat' dir='ltr'><strong><em>at</em></strong></span> <span class='ocrx_word' id='word_1_452' title='bbox 1000 4758 1089 4820; x_wconf 83' lang='lat' dir='ltr'><strong><em>fidem</em></strong></span> <span class='ocrx_word' id='word_1_453' title='bbox 1109 4763 1223 4820; x_wconf 80' lang='lat' dir='ltr'><strong><em>faciunt</em></strong></span> <span class='ocrx_word' id='word_1_454' title='bbox 1243 4781 1279 4820; x_wconf 83' lang='lat' dir='ltr'><strong><em>ea</em></strong></span> <span class='ocrx_word' id='word_1_455' title='bbox 1299 4780 1377 4837; x_wconf 83' lang='lat' dir='ltr'><strong><em>quae</em></strong></span> <span class='ocrx_word' id='word_1_456' title='bbox 1398 4761 1435 4819; x_wconf 85' lang='lat' dir='ltr'><strong><em>de</em></strong></span> 
     </span>
     <span class='ocr_line' id='line_1_44' title="bbox 113 4860 1434 4942; baseline -0.004 -15"><span class='ocrx_word' id='word_1_457' title='bbox 113 4869 233 4928; x_wconf 90' lang='lat' dir='ltr'><strong><em>nomine</em></strong></span> <span class='ocrx_word' id='word_1_458' title='bbox 259 4866 296 4940; x_wconf 81' lang='lat' dir='ltr'><strong><em>Q.</em></strong></span> <span class='ocrx_word' id='word_1_459' title='bbox 319 4865 420 4926; x_wconf 88' lang='lat' dir='ltr'><strong><em>Catuli</em></strong></span> <span class='ocrx_word' id='word_1_460' title='bbox 441 4863 631 4942; x_wconf 88' lang='lat' dir='ltr'><strong><em>Capitolinae</em></strong></span> <span class='ocrx_word' id='word_1_461' title='bbox 657 4862 725 4920; x_wconf 88' lang='lat' dir='ltr'><strong><em>aedi</em></strong></span> <span class='ocrx_word' id='word_1_462' title='bbox 751 4861 895 4937; x_wconf 90' lang='lat' dir='ltr'><strong><em>inscripto</em></strong></span> <span class='ocrx_word' id='word_1_463' title='bbox 920 4868 951 4919; x_wconf 90' lang='lat' dir='ltr'><strong><em>et</em></strong></span> <span class='ocrx_word' id='word_1_464' title='bbox 968 4860 1013 4918; x_wconf 84' lang='lat' dir='ltr'><strong><em>‘de</em></strong></span> <span class='ocrx_word' id='word_1_465' title='bbox 1033 4861 1243 4939; x_wconf 90' lang='lat' dir='ltr'><strong><em>imperatorum</em></strong></span> <span class='ocrx_word' id='word_1_466' title='bbox 1265 4863 1434 4922; x_wconf 88' lang='lat' dir='ltr'><strong><em>nominibus</em></strong></span> 
     </span>
     <span class='ocr_line' id='line_1_45' title="bbox 113 4961 1434 5045; baseline -0.003 -18"><span class='ocrx_word' id='word_1_467' title='bbox 113 4970 152 5027; x_wconf 91' lang='lat' dir='ltr'><strong><em>ob</em></strong></span> <span class='ocrx_word' id='word_1_468' title='bbox 179 4969 361 5045; x_wconf 87' lang='lat' dir='ltr'><strong><em>singularem</em></strong></span> <span class='ocrx_word' id='word_1_469' title='bbox 387 4967 562 5026; x_wconf 87' lang='lat' dir='ltr'><strong><em>modestiam</em></strong></span> <span class='ocrx_word' id='word_1_470' title='bbox 588 4961 713 5022; x_wconf 87' lang='lat' dir='ltr'><strong><em>aedibus</em></strong></span> <span class='ocrx_word' id='word_1_471' title='bbox 740 4981 759 5020; x_wconf 89' lang='lat' dir='ltr'><strong><em>a</em></strong></span> <span class='ocrx_word' id='word_1_472' title='bbox 786 4979 820 5020; x_wconf 88' lang='lat' dir='ltr'><strong><em>se</em></strong></span> <span class='ocrx_word' id='word_1_473' title='bbox 844 4961 964 5021; x_wconf 84' lang='lat' dir='ltr'><strong><em>reiectis</em></strong></span> <span class='ocrx_word' id='word_1_474' title='bbox 989 4979 1049 5020; x_wconf 90' lang='lat' dir='ltr'><strong><em>nou</em></strong></span> <span class='ocrx_word' id='word_1_475' title='bbox 1073 4963 1225 5040; x_wconf 89' lang='lat' dir='ltr'><strong><em>inscriptis</em></strong></span> <span class='ocrx_word' id='word_1_476' title='bbox 1254 4963 1434 5042; x_wconf 87' lang='lat' dir='ltr'><strong><em>compluries</em></strong></span> 
     </span>
     <span class='ocr_line' id='line_1_46' title="bbox 113 5061 1433 5151; baseline -0.001 -25"><span class='ocrx_word' id='word_1_477' title='bbox 113 5069 232 5145; x_wconf 86' lang='lat' dir='ltr'><strong><em>prodita</em></strong></span> <span class='ocrx_word' id='word_1_478' title='bbox 255 5069 392 5148; x_wconf 84' lang='lat' dir='ltr'><strong><em>legimus.</em></strong></span> <span class='ocrx_word' id='word_1_479' title='bbox 435 5069 487 5129; x_wconf 90' lang='lat' dir='ltr'><strong><em>sed</em></strong></span> <span class='ocrx_word' id='word_1_480' title='bbox 518 5068 593 5128; x_wconf 79' lang='lat' dir='ltr'><strong><em>liaeo</em></strong></span> <span class='ocrx_word' id='word_1_481' title='bbox 623 5064 725 5124; x_wconf 88' lang='lat' dir='ltr'><strong><em>omnia</em></strong></span> <span class='ocrx_word' id='word_1_482' title='bbox 755 5081 816 5124; x_wconf 90' lang='lat' dir='ltr'><strong><em>non</em></strong></span> <span class='ocrx_word' id='word_1_483' title='bbox 841 5082 878 5122; x_wconf 91' lang='lat' dir='ltr'><strong><em>eo</em></strong></span> <span class='ocrx_word' id='word_1_484' title='bbox 902 5061 1051 5140; x_wconf 86' lang='lat' dir='ltr'><strong><em>pertinent</em></strong></span> <span class='ocrx_word' id='word_1_485' title='bbox 1082 5074 1115 5124; x_wconf 89' lang='lat' dir='ltr'><strong><em>ut</em></strong></span> <span class='ocrx_word' id='word_1_486' title='bbox 1144 5064 1249 5125; x_wconf 89' lang='lat' dir='ltr'><strong><em>iterum</em></strong></span> <span class='ocrx_word' id='word_1_487' title='bbox 1281 5064 1433 5151; x_wconf 79' lang='lat' dir='ltr'><strong><em>dedicatae</em></strong></span> 
     </span>
    </p>
   </div>
   <div class='ocr_carea' id='block_1_4' title="bbox 0 0 1744 5804">
    <p class='ocr_par' dir='ltr' id='par_1_5' title="bbox 0 0 1744 5804">
     <span class='ocr_line' id='line_1_47' title="bbox 0 0 1744 5804; baseline 0 2"><span class='ocrx_word' id='word_1_488' title='bbox 0 0 1744 5804; x_wconf 95' lang='lat' dir='ltr'><strong><em> </em></strong></span> 
     </span>
    </p>
   </div>
  </div>
 </body>
</html>
