3480 5804
203 475 275 548 148
771 488 954 542 nouusun

204 592 354 606 —a-fl

200 671 285 736 vent3
307 665 398 722 immo
419 661 512 722 simili
532 660 663 732 licentia,
685 659 804 737 qualem
822 659 854 716 in
868 657 1067 736 primogenito
1081 655 1144 713 filio
1159 653 1422 731 deprehendimus,
1442 658 1529 730 pater

202 767 230 824 ei
260 761 449 825 Scriboniani
480 779 645 839 cognomen
675 759 822 819 indidisse
848 758 966 817 ridetur
995 755 1034 815 ad
1062 762 1227 815 maternam
1256 754 1402 831 originem
1431 752 1533 811 decla·

202 865 337 925 randam.

287 965 316 1023 4.
358 962 398 1021 L.
412 962 482 1021 Piso
496 962 592 1038 Frugi
605 960 779 1020 Licinianus
788 959 818 1037 ¹)
840 960 920 1036 quod
941 957 1126 1035 gentilicium
1146 956 1295 1028 habuerit,
1316 961 1477 1031 autequam
1493 952 1532 1010 ab

204 1067 383 1142 imperatore
404 1061 504 1122 Galba
524 1062 684 1138 adoptatus
705 1070 765 1133 est,
786 1079 846 1119 non
867 1050 1009 1130 traditum
1034 1058 1210 1143 crediderim
1232 1067 1331 1117 tamen
1351 1056 1442 1133 plene
1462 1072 1532 1111 eum

205 1164 387 1241 appellatum
409 1180 476 1222 esse
497 1161 536 1221 L.
562 1163 750 1239 caparnaum
769 1162 901 1221 Pisonem
923 1160 1233 1236 magmentarium,
1254 1177 1316 1217 non
1336 1156 1418 1233 quod
1439 1155 1533 1229 adop·

207 1266 288 1323 tione
314 1284 353 1322 ex
374 1262 494 1322 Licinia
515 1258 603 1322 dom'o
624 1263 655 1321 in
678 1261 873 1340 Calpurniam
894 1261 1062 1333 transierit,
1089 1279 1166 1338 quae
1187 1269 1235 1318 est
1254 1258 1357 1336 opinio
1378 1256 1468 1315 hodie
1489 1273 1534 1313 re·

206 1371 309 1442 cepta,
336 1363 391 1423 sed
412 1363 516 1423 eadem
537 1364 591 1422 illa
611 1364 705 1441 patris
727 1363 758 1421 in
779 1362 949 1422 nominibus
970 1360 1158 1437 imponendis
1180 1360 1314 1437 gloriosa
1334 1356 1472 1428 licentia,
1496 1355 1534 1414 ds

207 1483 268 1540 qua
298 1483 391 1543 supra
422 1465 563 1523 diximus.
612 1462 693 1524 Nam
723 1465 851 1541 primum
879 1463 999 1523 cuinam
1027 1461 1136 1521 Pisoni
1163 1460 1258 1536 Frugi
1284 1460 1316 1517 in
1343 1457 1534 1535 adoptionem

208 1565 274 1623 dari
299 1564 443 1641 potuerit,
470 1572 584 1623 tantum
612 1565 712 1636 abest,
741 1573 774 1622 ut
800 1563 1136 1651 demonstraripossit,
1164 1569 1198 1620 ut
1224 1580 1290 1620 eam
1315 1559 1440 1636 stirpem
1460 1556 1535 1616 satis

209 1671 327 1723 constet
351 1664 535 1740 aliquantum
562 1675 651 1724 antea
674 1665 789 1723 finiisse
813 1666 846 1724 iu
870 1665 948 1741 ipsis
974 1663 1101 1722 Liciniis
1123 1661 1253 1722 Crassis.
1295 1658 1415 1720 Deinde
1439 1655 1536 1716 credi·

209 1765 270 1822 bile
294 1772 340 1823 est
360 1764 500 1823 Tacitum
526 1765 715 1842 adoptionem
741 1766 805 1824 eius
831 1765 864 1824 in
889 1772 1006 1840 gentem
1034 1762 1197 1840 Sulpiciam
1218 1761 1395 1821 referentem
1415 1776 1536 1836 praeca·

210 1863 298 1922 dente
324 1863 420 1922 altera
445 1884 512 1923 eam
537 1883 597 1922 uon
624 1865 742 1923 silentio
767 1865 997 1941 praeteriturum
1017 1848 1123 1923 fuisse.
1166 1862 1305 1939 Denique
1326 1870 1360 1919 ut
1379 1859 1441 1919 lilio
1462 1859 1535 1918 natu

210 1963 341 2021 maximo
363 1970 449 2038 pater
469 1965 578 2023 indidit
598 1966 721 2024 nomina
740 1965 847 2041 proavi
867 1965 993 2023 materni
1015 1962 1071 2024 Cn.
1093 1963 1232 2041 Pompeii
1252 1961 1370 2040 Magni,
1394 1960 1439 2018 ita
1457 1961 1538 2019 hunc

211 2068 284 2120 natu
306 2062 461 2121 minimum
483 2065 636 2141 appellare
656 2065 753 2141 potuit
773 2064 943 2125 nominibus
965 2065 1014 2123 ari
1035 2063 1152 2142 paterni
1167 2061 1313 2123 naturalis
1327 2060 1364 2119 Ι..
1380 2058 1538 2138 Calpurnii

210 2162 334 2221 Pisonis
356 2161 463 2240 Frugi,
490 2165 561 2223 item
590 2172 624 2223 ut
650 2165 739 2224 tertio
765 2165 827 2222 filio
854 2183 873 2223 a
897 2174 1032 2224 materna
1059 2172 1147 2241 geute
1169 2162 1375 2233 Scriboniani,
1403 2161 1447 2219 ita
1470 2160 1540 2220 hnic

212 2282 231 2320 a
256 2280 312 2322 sua
335 2264 445 2323 addere
471 2283 635 2341 cognomen
655 2265 814 2324 Liciniani.
836 2297 874 2307 —
904 2263 1005 2324 Natus
1026 2265 1101 2324 Piso
1124 2283 1152 2322 a.
1168 2264 1207 2323 38
1231 2262 1323 2338 (Tac.
1346 2263 1417 2321 hist.
1441 2264 1470 2334 1,
1484 2261 1540 2339 48)

213 2382 232 2421 a
253 2361 353 2422 Galba
380 2364 507 2440 primum
534 2372 713 2424 testamento
739 2365 771 2424 iu
796 2367 876 2425 bona
901 2374 933 2423 et
958 2383 1066 2425 nomen
1088 2365 1220 2423 adscitus
1242 2360 1340 2438 (Suet.
1362 2361 1453 2422 Galb.
1477 2362 1540 2437 17),

213 2462 320 2520 deinde
350 2482 377 2521 a.
401 2463 439 2522 69
470 2466 548 2523 inter
574 2465 660 2523 vivos
691 2466 851 2541 adoptatus
876 2465 1034 2538 factusque
1062 2463 1105 2521 ita
1130 2460 1195 2523 Ser.
1223 2460 1375 2538 Sulpicius
1400 2461 1541 2538 Galba¹)

212 2569 283 2638 post
302 2580 415 2637 paucos
438 2562 502 2622 dies
523 2583 590 2621 cum
611 2572 696 2638 patre
717 2564 858 2639 adoptivo
876 2563 975 2638 periit.
1011 2563 1147 2622 Uxorem
1161 2562 1265 2621 habuit
1280 2562 1443 2621 Veraniam
1466 2562 1541 2638 (Ta-

213 2663 289 2720 citus
311 2663 382 2722 hist.
405 2662 434 2735 2,
450 2663 489 2720 47
496 2683 505 2734 3
527 2662 608 2722 Plut.
625 2661 716 2722 Galb.
732 2662 786 2734 283
808 2662 888 2722 Plin.
910 2681 957 2739 ep.
973 2660 1002 2736 2,
1019 2662 1069 2736 20,
1085 2662 1133 2740 2);
1156 2662 1236 2723 iiiios
1257 2682 1328 2722 uum
1350 2670 1422 2741 post
1442 2681 1476 2723 se
1496 2682 1542 2721 re-

213 2762 344 2838 liquerit,
365 2762 530 2838 ignoratur.

298 2862 327 2920 5.
369 2861 488 2922 maara
509 2862 624 2941 napta
647 2863 726 2922 utun
752 2850 860 2923 urbani
886 2865 1037 2924 nonensi
1062 2865 1135 2924 euin
1161 2875 1192 2924 a
1215 2864 1289 2923 auur
1315 2864 1442 2940 (uniar
1464 2866 1542 2924 nrv.

214 2979 245 3036 p.
263 2961 316 3033 133
345 2961 532 3038 Oreiatai)
553 2973 584 3022 et
604 2963 683 3039 apud
704 2964 904 3023 Ritschelium
925 2965 1057 3042 (priscae
1077 2965 1144 3025 Lat
1167 2984 1248 3024 mou.
1270 2965 1330 3023 tab.
1347 2964 1410 3023 891
1432 2965 1544 3025 collata

216 3062 350 3119 eiusdem
378 3064 566 3122 enarratione
593 3083 622 3141 p.
641 3064 712 3141 78):
745 3067 791 3124 dia
817 3066 947 3124 manitas
975 3065 1122 3137 Licinias,
1156 3067 1257 3126 Crassi
1285 3067 1378 3142 Frugi
1400 3067 1544 3142 pontificio

209 3159 343 3238 s(iliac)‚
366 3162 508 3239 Magnae,
530 3163 570 3223 L.
592 3165 707 3225 Pisonis
724 3170 808 3242 ponti
847 3170 868 3225 'a
889 3165 1032 3242 uror(ic),
1054 3186 1115 3225 non
1135 3177 1216 3227 recte
1238 3167 1368 3226 creditur
1387 3166 1453 3226 filiu
1471 3184 1544 3226 cou-

217 3261 293 3320 sulis
315 3282 342 3320 a.
358 3263 418 3321 740
428 3261 473 3340 ³),
502 3282 570 3324 cum
594 3285 691 3343 neque
712 3266 803 3344 Frugi
824 3285 991 3345 cognomen
1012 3267 1083 3326 huic
1104 3285 1232 3344 usquam
1252 3268 1402 3326 tribuatur
1422 3277 1452 3327 et
1473 3285 1546 3345 cog·

217 3379 325 3420 nomeu
350 3384 370 3422 a
390 3364 535 3442 Pompeia
560 3368 654 3443 stirpe
680 3368 802 3427 ductum
829 3386 889 3426 non
914 3368 994 3427 filiae
1022 3369 1087 3427 eius
1112 3368 1288 3440 conveniat,
1313 3368 1366 3428 sed
1390 3369 1472 3445 nepti
1492 3369 1545 3429 de·

217 3482 297 3521 mum
325 3483 363 3523 ex
384 3465 487 3525 Marco
513 3467 576 3526 filio
600 3468 708 3526 marito
730 3466 904 3529 Scriboniao
923 3471 1077 3546 proneptis
1099 3468 1237 3545 Pompeii
1257 3468 1412 3546 Magui4).
1453 3469 1545 3529 Mari·

179 3566 184 3573 '
218 3572 281 3621 tum
307 3561 345 3621 L.
372 3565 513 3626 Pisonem
538 3568 708 3644 pontificem
733 3568 790 3626 viri
819 3569 898 3627 docti
927 3568 1024 3628 adhuc
1050 3569 1264 3629 intellexeruut
1291 3570 1447 3629 consulem
1472 3570 1546 3630 anni

219 3682 248 3721 u.
264 3681 289 3721 c.
306 3662 420 3740 739⁵),
446 3675 606 3744 propterea
632 3668 713 3746 quod
735 3676 795 3728 tam
817 3670 896 3747 apud
917 3669 1055 3729 Tacitum
1079 3669 1162 3746 (ann.
1183 3669 1281 3746 6,10)
1304 3689 1395 3747 quam
1415 3670 1447 3729 in
1468 3670 1546 3732 actis
1613 3658 1617 3663 ⁵

219 3805 422 3818 ——n—--.

298 3909 321 3971 ¹)
350 3909 411 3961 Piso
430 3910 515 3979 Frugi
531 3912 697 3965 Licinianus.-
722 3916 793 3969 Suet.
812 3917 888 3970 Galb.
908 3920 951 3968 17.
988 3916 1050 3968 Piso
1069 3915 1234 3968 Licim'nnns:
1257 3918 1364 3968 Taeitus
1381 3918 1441 3968 hist.
1461 3920 1547 3981 r,14.

221 3998 298 4049 Piso:
321 4000 390 4051 Piut.
409 4001 486 4053 Galb.
501 4005 548 4067 235
568 4006 636 4056 Plin.
655 4021 696 4070 ep.
715 4009 740 4068 9,
756 4009 799 4069 20,
814 4010 839 4057 9.
877 4005 910 4057 L.
928 4005 1065 4058 Li......·
1090 4016 1139 4058 act.
1158 4010 1223 4058 ΛΠ.
1243 4008 1316 4059 aut
1336 4006 1452 4069 (Baiter.
1473 4010 1547 4061 1669

221 4106 247 4155 p.
258 4090 312 4151 73),
332 4092 376 4140 ubi
394 4108 451 4143 cum
470 4102 576 4159 propter
593 4098 670 4161 spatii
689 4099 818 4162 angustias
837 4113 883 4148 sex
902 4106 1031 4162 septemve
1050 4106 1148 4149 tautum
1167 4099 1310 4149 litterarum
1327 4100 1427 4164 capacis
1444 4099 1549 4165 supple·

221 4188 344 4243 mentum,
364 4183 396 4232 de
416 4200 466 4249 quo
485 4186 634 4250 cogitaram,
653 4186 687 4238 L.
705 4185 806 4251 Laiciui
821 4187 934 4252 Pisonis]
954 4190 1055 4240 admitti
1074 4197 1184 4256 nequeat
1202 4189 1265 4251 (ridi
1284 4190 1353 4241 enim
1372 4190 1426 4240 eins
1445 4190 1550 4241 tabulas
1607 4224 1610 4229 ·

222 4272 364 4337 cctypum),
383 4273 572 4328 subsistendum
590 4280 674 4330 estin
693 4294 723 4329 oo
744 4279 812 4345 quod
830 4281 965 4344 proposuit
981 4281 1130 4331 lienzenus:
1154 4278 1188 4330 L.
1207 4278 1371 4344 Liciniam}
1391 4295 1548 4347 quamquam

221 4364 316 4414 mirum
335 4372 373 4415 est
391 4366 423 4415 ab
443 4367 570 4418 eiusmodi
588 4370 653 4419 actis
670 4370 827 4434 gentilicium
845 4386 940 4421 nomen
957 4371 1055 4421 abesse.

298 4452 323 4516 ²)
350 4458 419 4506 Acta
438 4458 616 4509 Arvalla:
636 4457 698 4526 [pro
718 4459 864 4527 mfloptiouc
883 4459 951 4524 [Ser.
972 4459 1082 4530 Suipricii
1101 4459 1211 4525 nautae
1233 4459 1389 4524 C[aeaart‘s].

299 4542 324 4606 ⁸)
352 4546 426 4607 Quae
444 4555 481 4597 ast
501 4550 589 4613 opinio
602 4550 754 4615 Nipperdeii
771 4552 805 4601 ad
822 4553 906 4603 Taciti
925 4553 1080 4615 aun.ii,10,
1099 4567 1182 4617 neque
1200 4553 1276 4617 louge
1293 4551 1403 4602 discedit
1420 4550 1553 4603 Marinius

224 4636 289 4685 ΑΝ.
307 4651 333 4699 p.
349 4637 391 4687 13.
428 4639 486 4688 Viri
510 4640 580 4690 docti
602 4643 759 4706 antiquiores
777 4643 809 4693 ab
828 4643 879 4695 hoc
897 4645 967 4694 citati
985 4643 1063 4694 modo
1082 4645 1193 4694 consulis
1212 4658 1236 4693 a.
1251 4644 1286 4694 61
1304 4644 1385 4694 tiliam
1403 4656 1462 4693 eam
1477 4641 1551 4693 iudi·

226 4734 355 4788 caverunt,
374 4729 462 4790 modo,
482 4738 506 4779 et
525 4738 593 4781 recte
612 4733 723 4797 quidem,
743 4740 771 4783 ut
789 4748 847 4784 mea
864 4735 915 4784 fert
932 4735 1030 4799 opinio,
1050 4735 1163 4785 consulis
1180 4748 1206 4784 a.
1220 4735 1263 4784 27.

301 4814 327 4877 ⁴)
353 4817 414 4868 Non
428 4834 493 4884 nego
505 4823 581 4871 etiam
594 4832 743 4889 proneptem
757 4825 924 4889 abneptemre
937 4825 1046 4876 consulis
1059 4839 1083 4875 s.
1094 4826 1147 4875 740
1160 4824 1278 4875 similiter
1288 4823 1414 4889 appellari
1421 4823 1555 4887 potuisse3

226 4906 272 4955 scd
292 4907 377 4957 titulus
396 4916 449 4959 tam
467 4920 572 4975 propter
589 4914 740 4979 scripturam
759 4930 835 4980 qnam
854 4924 959 4982 propter
971 4916 1159 4981 simplicitatem
1172 4914 1206 4965 ad
1219 4922 1335 4980 tempora
1346 4915 1452 4966 Nerone
1464 4920 1555 4978 poste·

226 4995 296 5046 riora
313 4998 357 5046 vix
376 4999 490 5062 ablegari
508 5009 599 5065 potest

306 5084 330 5145 ⁵)
357 5088 482 5139 Marinius
502 5094 565 5143 Arr.
584 5108 610 5157 p.
627 5098 669 5145 12.
706 5097 842 5148 Drumann
863 5100 887 5157 2,
904 5100 946 5149 61.
983 5097 1132 5162 Nipperdey
1151 5096 1185 5147 ad
1204 5096 1267 5148 Tac.
1285 5096 1386 5156 snu.6,
1401 5096 1445 5146 10.
