3480 5804
314 1631 396 1741 nn
416 1627 891 1742 Peovmonavu
909 1624 1310 1740 somniavit
1327 1623 1640 1738 conones
1719 1537 1723 1544 ’

687 1800 769 1910 nn
795 1796 1270 1911 onocentaurus,

873 2085 1076 2096 ——u-——tnu

395 2299 472 2359 Plus
493 2297 597 2375 viginti
619 2297 795 2367 annisum,
822 2315 861 2354 ex
882 2315 941 2373 quo
963 2296 1166 2356 Mommsenus
1187 2297 1224 2356 de
1245 2295 1465 2374 provinciarum
1487 2296 1640 2356 Romana·

311 2421 376 2461 rum
405 2400 540 2459 conciliis
568 2405 598 2456 et
624 2396 830 2456 sacerdotibus
852 2397 890 2454 -in
916 2397 1070 2456 Analectis
1096 2398 1298 2476 epigraphicis
1325 2418 1353 2456 n.
1375 2397 1404 2456 8.
1425 2396 1443 2455 9
1470 2415 1548 2473 quae
1574 2408 1639 2456 tum

314 2511 385 2562 nota
410 2509 496 2559 erant
521 2500 607 2558 docte
634 2508 664 2557 et
689 2499 841 2575 eleganter
862 2498 1041 2577 composuit.
1083 2498 1159 2556 Inde
1180 2499 1218 2558 ab
1239 2516 1275 2561 co
1297 2508 1430 2575 tempore
1451 2498 1537 2556 multi
1559 2497 1640 2556 tituli

312 2606 503 2663 innotuerunt
531 2600 569 2658 ad
597 2600 676 2658 idem
703 2606 910 2677 argumentum
937 2599 1135 2675 pertinentes,
1164 2599 1271 2676 quibus
1296 2598 1373 2657 inter
1399 2616 1433 2656 se
1459 2599 1640 2675 comparatis

312 2723 416 2764 omnes
441 2700 611 2780 provincias
638 2718 694 2758 sua
720 2700 847 2758 concilia
872 2717 968 2775 eaque
994 2699 1100 2758 iisdem
1121 2699 1183 2757 iere
1204 2699 1318 2776 legibus
1339 2699 1479 2757 instituta
1499 2699 1641 2758 habuisse

312 2813 451 2883 apparet,
473 2812 587 2860 utnon
608 2801 763 2859 videamur
784 2819 898 2872 errare,
921 2801 962 2871 si,
983 2819 1060 2876 quae
1081 2800 1112 2857 in
1134 2818 1193 2858 una
1213 2800 1370 2878 provincia
1389 2801 1551 2859 observata
1571 2818 1641 2859 esse

311 2908 454 2983 legimus,
480 2904 512 2960 in
538 2902 644 2960 ceteris
670 2918 789 2976 quoque
815 2901 845 2958 in
872 2918 929 2958 usu
955 2901 1050 2960 fuisse
1076 2901 1301 2960 coniecerimus.
1345 2899 1436 2974 Quod
1463 2910 1496 2960 ut
1516 2902 1640 2960 demon·

312 3017 456 3076 suemus,
484 3003 611 3078 primum
633 3019 710 3077 quae
731 3008 853 3059 exstant
873 3001 910 3060 de
932 3001 1061 3080 singulis
1081 3003 1244 3079 provinciis
1265 3002 1437 3079 testimonia
1458 3020 1517 3060 non
1539 3002 1641 3060 omnis

314 3107 433 3184 quidem
455 3136 496 3146 -
518 3103 574 3161 hoc
595 3103 675 3160 enim
696 3121 757 3159 non
778 3101 952 3178 profitemur
974 3135 1012 3144 -
1036 3102 1089 3160 sed
1111 3113 1191 3161 certa
1208 3110 1238 3162 et
1250 3104 1412 3180 potissima
1424 3121 1640 3180 proponemus,

312 3207 419 3267 deinde
440 3223 516 3281 quae
538 3223 576 3262 ex
597 3203 645 3261 his
667 3201 845 3261 testimoniis
867 3201 1045 3277 efficiuntur,
1072 3203 1201 3262 breviter
1222 3203 1407 3281 colligemus.
1451 3206 1499 3263 Ac
1519 3203 1641 3281 provin-

313 3311 427 3369 ciarum
448 3305 568 3382 quidem
590 3304 716 3363 coucilia
737 3311 768 3363 et
789 3304 957 3362 sacerdotia
977 3305 1052 3363 haec
1074 3314 1357 3371 commemorantur:

400 3411 427 3468 1.
470 3407 627 3466 H1srau1a
654 3419 803 3464 circnma
828 3406 892 3464 sive
914 3405 1191 3465 Tsnaacounusm.
1239 3406 1302 3465 Ara
1326 3407 1459 3484 Augusti
1484 3407 1544 3466 iam
1570 3408 1641 3465 vivo

313 3512 493 3587 imperatore
515 3507 686 3566 Tarracone
707 3505 870 3565 constituta
892 3504 1022 3580 (Eckhel
1044 3507 1071 3577 1,
1087 3507 1137 3566 58.
1159 3505 1268 3565 Florer
1289 3505 1463 3566 medullata
1485 3515 1506 3566 t.
1523 3507 1572 3567 44.
1588 3508 1639 3567 45.

313 3610 440 3685 Quintil.
457 3607 485 3680 6,
501 3607 530 3680 3,
547 3607 601 3682 77)
623 3607 766 3684 templum
782 3607 848 3664 eius
863 3613 1047 3666 exstructum
1062 3615 1108 3666 est
1126 3626 1153 3665 a.
1169 3608 1205 3666 15
1220 3627 1250 3684 p.
1267 3606 1338 3667 Chr.
1362 3607 1447 3683 (Tac.
1463 3627 1531 3667 ann.
1549 3609 1577 3680 1,
1590 3608 1639 3668 78.

313 3711 351 3769 ct'.
372 3709 523 3786 Spartian.
540 3707 633 3765 Hadr.
653 3706 699 3764 12.
723 3706 825 3767 sever.
842 3706 884 3782 3).
920 3707 995 3766 Inde
1016 3708 1055 3765 ab
1076 3708 1134 3766 hoc
1155 3716 1288 3785 tempore
1309 3709 1366 3767 fuit
1378 3708 1552 3768 Tarracone
1574 3728 1640 3769 con-

313 3812 412 3872 cr'liam
430 3811 594 3884 provinciae
608 3807 773 3882 Hispaniae
794 3810 933 3865 citerioris
955 3807 1010 3882 (11,
1025 3806 1116 3866 4127.
1139 3806 1230 3867 4230.
1253 3805 1345 3868 4246.
1367 3808 1449 3868 4255
1471 3810 1509 3868 cf.
1531 3808 1638 3884 4055),

311 3921 426 3971 mirator
447 3908 543 3983 templi
564 3906 684 3982 (4202),
706 3906 834 3983 denique
856 3909 1043 3966 aacndotiam
1061 3907 1243 3986 provinciae,
1266 3909 1303 3968 de
1324 3927 1384 3985 quo
1399 3909 1558 3989 diligenter
1577 3912 1639 3989 egit

311 4012 493 4072 Huebnerus
515 4007 646 4066 Hermae
668 4007 727 4066 vol.
745 4009 772 4079 1,
790 4009 930 4084 lllsqq.,
953 4006 989 4068 Ο.
1004 4009 1029 4067 Ι.
1043 4007 1079 4067 L.
1095 4008 1128 4067 11
1149 4028 1178 4086 p.
1195 4009 1351 4068 540541.
1388 4011 1570 4088 Appellatur
1591 4012 1639 4070 hio

312 4111 453 4173 sacerdos
475 4109 566 4167 variis
588 4107 771 4167 nominibus:
797 4110 932 4167 arcados
952 4109 1061 4168 Romae
1081 4119 1107 4168 ct
1127 4109 1204 4186 Aac.
1222 4129 1256 4186 p.
1279 4109 1319 4168 Η.
1341 4128 1365 4168 c.
1388 4110 1514 4188 (4248),
1531 4114 1638 4186 flamen

311 4214 419 4272 Romae
440 4219 467 4269 et
479 4208 556 4285 Aac.
575 4228 608 4285 p.
622 4208 662 4266 H.
686 4227 710 4267 c.
734 4206 855 4285 (4225),
869 4210 977 4285 flamen
990 4210 1098 4269 Itomae
1123 4221 1151 4270 at
1171 4211 1247 4286 Aac.
1270 4209 1393 4288 (4224),
1407 4215 1516 4288 flamen
1529 4214 1638 4272 Romae

312 4316 442 4372 divorum
463 4321 488 4369 ct
502 4309 696 4385 Anqustorum
713 4329 745 4386 p.
760 4309 802 4368 Η.
824 4328 848 4368 c.
871 4308 977 4386 (4205.
992 4308 1084 4370 4228.
1099 4311 1191 4371 4235.
1206 4309 1299 4370 4243.
1314 4310 1407 4372 4247.
1422 4311 1514 4372 4249.
1530 4313 1637 4390 4250),

304 4416 413 4490 flamen
434 4413 542 4470 Romae
563 4420 589 4469 et
610 4412 738 4469 divorum
759 4410 952 4487 Amatorem
967 4430 1002 4487 p.
1023 4412 1064 4470 H.
1086 4430 1110 4470 c.
1135 4410 1262 4488 (4191),
1281 4415 1390 4489 flamen
1411 4416 1540 4473 divorum
1560 4413 1637 4490 Any.

308 4533 341 4589 p.
369 4514 409 4570 H.
438 4530 461 4570 c.
491 4510 619 4586 (4239),
639 4512 747 4584 flamen
773 4509 945 4586 Aequalis
969 4530 1002 4588 p.
1031 4512 1071 4570 H.
1101 4532 1125 4573 c.
1154 4511 1282 4591 (4223),
1305 4516 1415 4590 flamen
1443 4515 1636 4591 Aequorum

307 4617 438 4689 provinc.
460 4611 501 4669 H.
524 4630 547 4670 c.
571 4609 698 4688 (3329),
720 4612 828 4686 flamen
845 4629 877 4686 p.
900 4611 941 4669 H.
963 4629 987 4671 c.
1010 4610 1107 4687 (4220
1132 4621 1163 4673 et
1183 4603 1336 4692 saepius).
1373 4613 1462 4688 Quod
1488 4632 1633 4673 unacum

312 4713 430 4772 flamine
459 4711 626 4772 sacerdotio
652 4711 788 4788 fungitur
814 4730 893 4771 uxor
920 4711 985 4771 eius
1006 4715 1155 4790 flamericc
1182 4713 1293 4791 (4198.
1314 4706 1406 4776 4233.
1428 4712 1519 4773 4236.
1543 4709 1634 4768 4241.

312 4811 404 4870 4242.
425 4812 517 4871 4246.
536 4810 634 4886 4252)
657 4829 693 4870 eo
715 4811 834 4872 demum
859 4821 994 4891 tempore
1014 4821 1116 4890 potest
1135 4815 1302 4876 institutum
1324 4832 1404 4887 esse,
1426 4831 1486 4889 quo
1507 4810 1635 4869 feminae

312 4928 433 4989 quoque
453 4919 645 4973 consecratae
667 4922 736 4971 sunt
757 4913 807 4991 (cf.
823 4912 862 4974 Ο.
877 4913 1051 4973 Hirschfeld
1066 4914 1177 4974 Annali
1194 4915 1273 4976 1866
1294 4933 1325 4991 p.
1340 4913 1403 4990 48),
1424 4913 1455 4971 id
1476 4910 1555 4989 qnod
1577 4911 1636 4988 pri-

312 5029 393 5068 mum
419 5013 544 5090 contigit
569 5011 666 5071 Iuliae
691 5013 849 5090 Augustae
875 5012 974 5090 (Suet.
996 5011 1173 5086 claud.11;
1195 5013 1310 5076 Seneca
1329 5013 1445 5090 apocol.
1469 5013 1499 5085 9,
1518 5012 1551 5083 53
1575 5011 1635 5071 Dio

313 5105 400 5167 Cass.
424 5110 474 5183 60,
489 5111 538 5186 5),
563 5121 669 5187 postea
688 5112 805 5189 multis,
829 5131 906 5191 quas
926 5123 1081 5175 enumerat
1101 5114 1219 5175 Eckhcl
1240 5113 1269 5186 8,
1283 5112 1354 5174 463.
