3480 5804
893 473 1040 526 HEMZEM

951 746 979 805 2.

384 869 567 946 Fragmenta
586 866 698 926 effossa
720 866 758 925 acl
779 873 896 944 portam
918 867 989 927 circi
1004 867 1151 925 Maxentii
1167 867 1205 924 ad
1222 866 1300 926 viam
1313 868 1456 944 Appiam,
1478 868 1533 927 ubi
1548 886 1640 926 muro

300 973 415 1030 inserta
435 969 533 1027 adhuc
555 979 721 1027 servantur.
758 968 914 1027 Pertinent
935 968 974 1027 ad
993 968 1205 1046 inscriptiones
1228 967 1303 1026 duas
1320 968 1490 1047 apartibus
1505 977 1641 1028 externa

299 1083 328 1130 et
353 1073 469 1129 interna
490 1077 594 1146 portae
616 1069 687 1128 olim
709 1069 818 1128 affixas
839 1069 883 1128 ita
904 1068 1068 1140 diffractas,
1089 1077 1124 1127 ut
1146 1088 1234 1128 unam
1257 1077 1372 1128 tantm
1390 1068 1530 1147 Nibbyus
1553 1088 1640 1129 com·

298 1192 409 1250 ponere
430 1173 567 1249 potuerit.

783 1286 859 1331 nivo
875 1287 1008 1330 sommo
1024 1288 1045 1328 Ν
1055 1301 1061 1316 ·
1071 1290 1097 1330 ra
1111 1288 1146 1329 ·v

824 1388 884 1432 cos
897 1404 904 1417 ·
915 1388 981 1431 oua.
995 1391 1012 1430 a
1027 1387 1105 1431 mmo

781 1493 801 1533 n
813 1491 862 1532 ·n·
874 1490 1019 1533 maxema
1033 1489 1145 1532 nevies·

780 1603 807 1634 ae
831 1598 914 1645 perpet.
943 1591 1005 1634 AVG
1034 1590 1146 1633 ΝΕΡΟΤΙ

715 1698 726 1734 s
779 1694 833 1734 ann
858 1693 1017 1735 mammam
1037 1707 1044 1720 ·
1066 1693 1145 1735 ssre·

779 1795 809 1836 er
837 1809 843 1821 ·
871 1794 931 1835 orvs
962 1795 1093 1836 muratam
1124 1796 1147 1835 a

780 1893 873 1937 mosis
895 1909 901 1922 ·
924 1894 1007 1938 ac...

298 2094 354 2151 Ed.
378 2090 481 2167 Nibby
508 2090 555 2146 del
582 2093 654 2146 circo
680 2088 870 2164 volpomente
894 2087 969 2144 detto
991 2086 1023 2144 di
1045 2085 1202 2146 Caracallo
1222 2085 1320 2146 Roma
1343 2085 1422 2146 1825
1448 2089 1514 2165 pil
1542 2087 1633 2164 (inde

299 2191 467 2251 Kanatblutt
488 2192 537 2249 des
553 2188 759 2266 Morpenblatta
776 2185 854 2247 1826
877 2207 906 2246 u.
923 2186 962 2246 69
985 2205 1025 2245 ex
1047 2205 1142 2263 eoque
1163 2186 1257 2247 Orelli
1276 2187 1369 2265 1069)
1391 2198 1422 2247 et
1442 2208 1489 2248 vv.
1507 2187 1525 2246 3
1548 2188 1633 2266 prio·

297 2311 346 2353 res
374 2292 558 2370 Borghesius
586 2291 742 2366 Autolope'a
767 2288 891 2348 italiana
915 2287 994 2348 1825
1022 2299 1042 2347 t
1062 2287 1099 2346 18
1125 2307 1155 2364 p.
1172 2289 1221 2348 94.
1269 2287 1442 2367 Descripsit
1465 2288 1503 2349 de
1524 2288 1632 2359 Rossi,

297 2395 412 2455 contuli
432 2395 507 2471 ipse.

340 2495 461 2554 Titulus
493 2500 609 2570 spectat
639 2490 678 2549 ad
708 2489 749 2549 M.
775 2489 931 2550 Valerium
960 2491 1123 2549 Romulum
1155 2490 1249 2550 filium
1276 2491 1438 2563 Maxentii,
1468 2508 1531 2551 cos.
1562 2492 1630 2550 ord.

297 2617 364 2657 cum
390 2605 475 2673 patre
503 2594 590 2652 annis
610 2590 671 2651 308
693 2601 723 2650 et
744 2590 819 2665 309,
852 2610 871 2650 a
896 2609 956 2668 quo
983 2591 1114 2650 dedicati
1142 2591 1297 2651 Maxentio
1326 2592 1404 2668 patri
1432 2600 1463 2651 et
1484 2590 1630 2651 Valeriae

297 2696 483 2756 Maximillae
510 2694 598 2752 matri
623 2699 728 2752 extant
753 2692 831 2751 tituli
857 2692 909 2751 alii
935 2692 994 2750 duo
1021 2691 1165 2767 (Henzeu
1186 2692 1276 2752 5570.
1299 2691 1404 2768 5571).
1447 2692 1630 2753 Decessisse

297 2799 414 2856 videtur
438 2796 559 2872 inipso
581 2793 740 2854 consulatu
762 2793 857 2853 altero
880 2793 1009 2869 (Eckhel
1029 2793 1058 2865 8,
1074 2794 1128 2865 593
1156 2793 1304 2870 Borghesi
1325 2795 1429 2872 opp.3
1451 2812 1480 2870 p.
1499 2793 1575 2870 155)
1598 2805 1631 2853 et

297 2919 316 2957 a
337 2907 421 2974 patre
443 2897 531 2954 divus
554 2894 724 2972 appellatus
747 2913 782 2952 ac
802 2893 915 2970 templo
930 2893 1095 2953 honoratus
1110 2902 1158 2953 est
1178 2894 1305 2971 (Eclxhel
1321 2894 1341 2952 l.
1358 2913 1398 2966 c.;
1421 2895 1457 2955 ci.
1480 2895 1518 2954 tle
1532 2894 1630 2955 Bossi

299 2997 379 3055 Ball.
402 3000 480 3054 crist.
503 2998 521 3055 5
548 3014 578 3070 p.
595 2994 633 3052 66
645 2992 759 3071 seqq.):
786 2994 866 3053 unde
891 2994 1009 3053 litterae
1035 2995 1201 3074 singulares
1227 3014 1303 3072 qnae
1329 3003 1399 3056 sunt
1424 2995 1456 3055 in
1480 2995 1541 3054 line
1561 2997 1626 3054 v.l

297 3097 484 3174 explicantur
506 3095 562 3154 sia:
589 3111 745 3153 nesciamus
763 3111 882 3153 memoriae
896 3112 958 3154 veo.
976 3128 1017 3138 -
1044 3095 1258 3173 Fragmentum
1279 3096 1312 3154 id
1333 3096 1412 3173 quod
1434 3113 1489 3157 nos
1510 3096 1628 3155 rettuli·

296 3215 364 3256 mus
386 3196 422 3255 ad
445 3196 574 3268 utin,
597 3194 683 3266 sin,
705 3194 723 3252 7
737 3194 853 3271 priores
875 3197 953 3254 male
973 3197 1152 3256 rettulerunt
1170 3197 1208 3256 ad
1229 3217 1258 3255 r.
1274 3198 1304 3257 4.
1319 3198 1348 3256 5.
1365 3198 1395 3269 6,
1416 3204 1449 3256 ut
1462 3195 1579 3257 litterae
1595 3215 1634 3256 va

297 3306 366 3358 ante
387 3312 461 3369 avc,
483 3313 593 3356 r·nrvt
615 3303 683 3355 ante
703 3312 779 3355 axrra
800 3296 1031 3370 collocarentur;
1058 3316 1118 3375 quo
1140 3297 1274 3357 admisso
1295 3306 1360 3357 tota
1380 3297 1467 3357 lectio
1488 3315 1628 3375 pessum·

297 3400 368 3459 data
393 3408 454 3472 est,
480 3418 548 3458 cum
569 3400 629 3456 iam
650 3397 750 3457 omnia
770 3397 863 3475 plana
883 3399 944 3456 siut
964 3408 994 3457 et
1014 3398 1102 3457 facile
1122 3400 1343 3477 intellegantur.
1386 3398 1560 3458 Maxentius
1582 3404 1629 3459 iu·

296 3507 385 3561 victua
408 3509 434 3558 et
450 3511 604 3577 perpetuas
620 3499 767 3574 Aequam
789 3499 899 3559 dicitur
919 3499 992 3559 item
1012 3499 1043 3558 in
1066 3500 1153 3559 titulo
1169 3498 1222 3559 Or.
1240 3500 1334 3573 10773
1358 3499 1505 3559 Romulus
1523 3510 1627 3560 autem

295 3619 390 3678 nepos
412 3601 468 3659 fuit
488 3619 547 3659 non
570 3599 667 3658 solum
688 3598 864 3658 Maximiani
885 3601 1013 3660 senioris
1035 3602 1130 3677 patris
1150 3600 1307 3672 Maxentii,
1329 3601 1493 3660 sedetiam
1508 3597 1628 3661 Galerii

295 3701 473 3760 Maximiani
493 3700 617 3758 iunioris
638 3701 733 3775 patris
755 3700 942 3760 Maximillae
963 3701 1078 3774 matris,
1100 3701 1204 3778 quiin
1223 3701 1351 3762 nummis
1372 3720 1458 3762 socer
1476 3700 1626 3762 Maxemfi

297 3803 406 3860 dicitur
427 3808 457 3859 et
477 3800 563 3858 divus
586 3798 748 3875 (aethela
771 3819 800 3876 p.
817 3799 881 3875 38).

856 4048 1058 4060 vom

945 4272 973 4330 3.

379 4389 497 4448 Tabula
525 4407 618 4448 aenea
642 4387 739 4447 tribus
766 4388 895 4466 fastigiis
922 4400 1041 4461 ornata,
1072 4389 1104 4449 in
1129 4390 1239 4466 quibus
1267 4391 1337 4451 hinc
1365 4392 1514 4469 secespita
1539 4391 1625 4452 illinc

295 4499 408 4567 patera,
430 4491 507 4548 inter
529 4505 580 4547 eas
603 4496 737 4564 protome
758 4488 807 4547 dei
829 4486 911 4550 Solia
932 4491 1027 4550 radiis
1049 4499 1192 4551 coronata
1211 4492 1345 4570 sculptae
1366 4502 1444 4552 sunt
1479 4492 1515 4551 ln
1535 4501 1625 4570 parta

294 4591 413 4666 postica
434 4591 523 4648 habet
543 4588 731 4648 manubrium
752 4590 873 4650 mobile.
914 4591 1073 4669 Inscriptio
1094 4599 1221 4651 exarata
1242 4602 1289 4652 est
1307 4593 1416 4652 litteris
1436 4593 1512 4653 satis
1532 4592 1623 4653 bonis

295 4710 390 4767 neque
417 4701 518 4750 mmen
544 4689 603 4748 alte
630 4689 734 4750 incisis
761 4691 874 4751 saeculi
899 4692 963 4752 fere
991 4691 1114 4751 secundi
1139 4693 1277 4752 exeuntis
1301 4693 1348 4752 vel
1373 4693 1503 4752 ineuntis
1529 4694 1622 4753 tertii.

219 4809 221 4813 ⁴
293 4790 414 4851 Tabula
438 4808 620 4867 quamquam
645 4790 762 4851 Romae
788 4801 907 4870 reperta
932 4809 1000 4851 esse
1026 4792 1144 4866 dicitur,
1170 4800 1284 4866 tanam,
1311 4812 1379 4853 cum
1404 4793 1559 4870 inscriptio
1574 4794 1622 4853 ad

295 4889 412 4949 Ostiam
433 4891 583 4968 pertinere
605 4891 749 4964 videatur,
770 4895 873 4953 nescio
894 4911 933 4951 an
953 4891 1059 4953 Ostiae
1079 4893 1180 4970 potius
1202 4893 1314 4953 effossa
1334 4895 1365 4952 in
1385 4896 1548 4972 urbemque
1568 4892 1623 4952 ele·

293 4987 355 5046 lata
376 4990 426 5048 sit.
462 4988 646 5051 Servabatur
666 4991 780 5051 Romae
802 4995 882 5070 apud
902 4993 1109 5054 Alexandrum
1130 4992 1357 5067 castellaniam,
1378 5011 1398 5052 a
1418 5013 1478 5071 quo
1499 4994 1530 5053 in
1551 4992 1622 5053 Bri·

294 5088 427 5147 muniam
448 5087 548 5150 delata
568 5092 599 5150 iu
621 5109 756 5154 museum
777 5092 981 5156 Britannicum
1002 5095 1067 5155 lieri
1088 5101 1190 5174 potest
1210 5102 1243 5157 nt
1262 5095 1323 5156 iam
1344 5094 1506 5156 transierit.
