3480 5804
591 510 640 561 nn
660 511 805 566 urrvms
824 512 980 567 sumcrs.
1377 500 1447 570 117

120 680 172 756 qui
194 679 329 739 Drusum
355 682 502 741 iuniorem
528 682 690 758 significari
716 682 818 740 velint.
860 681 893 740 la
921 684 999 741 euim
1025 703 1104 742 anno
1128 686 1165 744 15
1181 703 1209 760 p.
1227 683 1297 744 Chr.
1320 686 1449 761 demum,

119 781 260 858 Augusto
281 789 409 854 mortuo,
430 783 559 858 primum
580 782 686 841 consul
708 782 806 841 sactus
828 790 883 840 est.
920 780 980 842 Sed
1002 802 1068 843 cum
1089 785 1144 843 illa
1158 786 1300 862 temporis
1316 788 1449 850 delinitio

119 882 189 959 ipsa
209 901 270 941 non
291 884 381 959 plane
402 893 483 942 certa
504 891 535 942 et
555 882 722 941 indubitata
743 884 793 955 sit,
815 901 851 942 ea
871 883 921 942 hic
941 884 996 942 niti
1017 887 1097 944 nolo.
1135 883 1194 946 Sed
1211 887 1324 945 accedit
1338 891 1449 949 certius

77 988 81 995 '
119 992 337 1059 argumentum,
359 985 490 1060 positum
511 984 541 1041 in
557 984 758 1043 additamento
772 983 854 1061 quod
868 991 915 1043 est
928 975 1048 1042 ὑπάτου.
1083 987 1218 1062 Uterque
1233 987 1354 1062 quidem
1369 989 1449 1049 Dru·

120 1100 173 1142 sus
188 1084 347 1142 consulatu
360 1084 480 1143 iunctus
495 1093 550 1156 est,
565 1085 666 1143 iunior
680 1085 735 1143 bis.
765 1083 827 1145 Sed
841 1085 873 1143 in
887 1086 944 1143 hoc
957 1086 1020 1144 filio
1034 1086 1235 1163 imperatoris,
1250 1108 1337 1164 quem
1348 1090 1448 1166 ipsum

119 1184 280 1260 aliquando
301 1186 516 1262 imperaturum
532 1186 691 1244 verisimile
712 1194 785 1257 erat,
807 1185 982 1244 consulatus
1004 1204 1064 1244 non
1085 1188 1161 1245 tanti
1182 1190 1324 1248 momenti
1338 1199 1394 1263 est,
1417 1197 1450 1249 ut

120 1284 185 1342 eius
200 1285 379 1361 significatio
393 1288 506 1344 nomini
522 1287 648 1345 addatur
662 1286 693 1344 iu
708 1287 907 1362 appellatione
922 1287 1089 1359 sacerdotii,
1111 1288 1190 1364 quod
1206 1289 1257 1348 diu
1275 1291 1365 1348 etiam
1380 1305 1450 1368 post

119 1384 199 1443 illius
227 1396 351 1445 mortem
380 1386 547 1463 duravit¹).
590 1387 656 1446 Imo
679 1396 741 1444 tum
762 1387 811 1446 vel
832 1388 963 1446 maxime
984 1379 1127 1467 Καίσαρος
1148 1389 1283 1448 additum
1305 1407 1374 1449 esse
1395 1409 1449 1448 ex-

120 1487 312 1561 spectaretis.
347 1487 413 1545 Iam
434 1506 472 1544 ne
493 1488 525 1546 id
546 1487 667 1563 quidem
689 1487 827 1558 dixerim,
848 1488 879 1545 in
901 1487 1005 1545 Druso
1026 1489 1138 1546 maiore
1160 1488 1191 1546 id
1213 1489 1449 1548 additamentum

119 1585 194 1644 nihil
219 1586 287 1645 miri
314 1595 403 1664 atque
427 1587 543 1645 insoliti
564 1586 723 1663 habereff).
767 1589 810 1646 At
831 1594 931 1647 tumen
951 1589 1098 1664 explicari
1119 1597 1220 1667 potest
1240 1609 1293 1647 cur
1314 1590 1448 1649 additum

119 1687 169 1757 sit,
191 1705 259 1745 cum
280 1687 400 1747 Drusus
420 1688 516 1746 maior
536 1687 568 1744 in
589 1688 750 1747 consulatu
771 1698 907 1748 mortuus
929 1690 978 1759 sit,
1001 1690 1044 1747 ita
1064 1695 1097 1746 ut
1118 1691 1144 1747 is
1166 1690 1359 1766 magistratus
1375 1709 1448 1766 quo-

118 1787 278 1846 dammodo
299 1806 448 1847 summum
468 1788 622 1865 fastigium
645 1789 684 1847 sit
704 1807 807 1848 eorum
829 1808 906 1866 quae
928 1789 1054 1865 adeptus
1077 1798 1138 1863 est,
1166 1791 1192 1848 si
1214 1809 1274 1848 non
1296 1791 1449 1867 speciest

118 1896 198 1948 certe
219 1889 349 1965 reipsa.

203 1987 294 2063 Quod
315 1991 342 2050 si
362 1990 433 2048 huic
447 1988 563 2050 Neroni
578 1989 705 2050 Claudio
721 1991 822 2051 Druso
838 1991 968 2070 Augusti
990 1991 1127 2070 privigno
1148 1991 1224 2049 illud
1246 1991 1447 2051 sacerdotium

118 2091 290 2164 tribuimus,
317 2091 476 2152 infeliciter
504 2092 624 2162 accidit,
651 2093 731 2168 quod
756 2111 794 2151 ue
819 2092 863 2150 ita
887 2092 1009 2167 quidem
1035 2091 1196 2150 difficultas
1223 2092 1366 2169 temporis
1395 2092 1446 2151 de·

118 2192 239 2252 finiendi
270 2209 396 2270 prorsus
426 2200 605 2252 removetur.
653 2192 733 2252 Nam
765 2193 831 2252 sine
862 2192 953 2252 dubio
983 2202 1063 2251 recte
1091 2193 1297 2250 Mommsenus
1325 2192 1447 2266 iudicat,

118 2295 258 2370 quamvis
277 2293 376 2352 dicere
397 2313 457 2353 uon
477 2293 579 2365 liceat,
601 2294 666 2352 fieri
688 2295 808 2351 omnino
830 2312 890 2351 nou
911 2294 1060 2368 potuisse,
1086 2301 1119 2350 ut
1138 2293 1199 2349 iam
1223 2293 1361 2369 Augusto
1382 2311 1447 2370 reg·

118 2402 209 2455 nanta
233 2394 354 2455 Drusus
375 2394 505 2453 Athenis
531 2394 640 2452 divinis
662 2394 826 2452 honoribus
848 2393 1026 2465 afficeretur,
1053 2400 1152 2450 tamen
1178 2391 1209 2448 id
1237 2392 1358 2449 minime
1384 2392 1448 2450 veri

118 2496 217 2555 simile
237 2495 355 2572 asael).
398 2495 513 2556 Contra
533 2495 667 2554 Drusum
689 2494 814 2554 summis
836 2493 1001 2551 honoribus
1023 2492 1133 2549 elatum
1156 2508 1225 2550 ease
1246 2510 1282 2549 eo
1305 2500 1447 2568 tempore,

117 2614 178 2673 quo
203 2596 369 2656 filiuseius
392 2604 463 2656 natu
484 2598 581 2655 minor
601 2598 668 2672 ipse
688 2595 844 2672 imperium
866 2593 1032 2664 obtinebat,
1055 2592 1129 2650 satis
1152 2601 1298 2650 constare.
1344 2590 1446 2664 Quare

118 2705 219 2757 uuum
240 2698 279 2755 ad
293 2698 425 2775 Augusti
446 2716 484 2756 an
506 2699 544 2756 ad
559 2696 682 2757 Claudii
703 2704 831 2754 aetatem
852 2694 1027 2754 referendus
1049 2691 1090 2750 sit
1110 2692 1226 2764 titulus,
1249 2692 1371 2750 dubium
1387 2700 1445 2763 est;

119 2799 159 2857 ad
180 2797 331 2858 Neronem
352 2816 423 2857 vero
444 2798 550 2856 referri
571 2815 631 2855 nou
652 2804 760 2875 potest.

198 2989 221 3053 ¹)
249 2992 291 3043 Ne
313 2992 341 3041 id
364 2992 469 3056 quidem
488 2992 674 3056 neglegendum
693 2999 744 3052 est,
769 2992 792 3040 si
811 2990 917 3040 omuino
936 2989 1043 3038 honoris
1062 3001 1139 3038 causa
1157 2987 1184 3036 id
1203 2985 1354 3036 vocabulum
1373 2985 1447 3035 addi-

120 3090 175 3133 tum
192 3090 268 3144 esset,
288 3074 328 3139 ste
345 3070 438 3132 ὗποῖτοο
456 3083 593 3133 dicendum
611 3083 699 3143 fuisse,
720 3097 777 3131 cum
796 3082 906 3131 duorum
925 3081 1103 3131 consulatuum
1121 3079 1206 3127 honor
1224 3077 1306 3126 maior
1324 3077 1358 3126 sit
1370 3090 1447 3140 quam

119 3176 204 3225 unam
239 3174 282 3225 la
299 3174 327 3223 in
346 3174 446 3223 duobus
464 3173 545 3223 nain
564 3173 709 3223 honoraria
728 3173 823 3223 aaron
841 3172 880 3222 u.
898 3171 1017 3236 Agrippa
1034 3166 1087 3237 τρὶς
1106 3155 1198 3224 ὕπατος
1217 3168 1319 3218 eiciar.

196 3262 221 3327 ²)
249 3265 371 3330 Inprimis
393 3264 437 3314 hic
461 3264 717 3314 animadvertendum
741 3271 793 3325 est,
817 3263 889 3313 cuius
912 3264 950 3312 rei
974 3277 1015 3311 me
1035 3261 1085 3311 Th.
1104 3259 1281 3309 Mommsenus
1301 3270 1446 3307 commonu-

118 3358 188 3419 lecit,
207 3357 263 3406 eius
281 3355 450 3405 additamenti
462 3356 513 3405 rim
533 3355 694 3416 camaldul,
714 3361 743 3402 ut
754 3354 855 3402 Drusus
874 3354 956 3402 maior
974 3366 990 3401 a
1008 3352 1108 3399 minora
1127 3349 1296 3407 discematur.
1329 3348 1367 3396 At
1385 3361 1446 3396 eon-

119 3449 201 3499 sulem
223 3454 359 3512 utrumque
381 3446 474 3508 fuisse,
499 3446 672 3512 imperatorem
692 3459 753 3493 vcro
772 3445 855 3493 solum
873 3441 988 3492 Drusum
1007 3441 1146 3502 maiorem;
1171 3451 1250 3503 quare
1269 3424 1447 3502 αὐτοκράτορος

119 3539 200 3589 multo
224 3535 309 3603 aptius
329 3538 409 3588 fuisse
427 3553 504 3602 quam
521 3524 623 3584 drdreu
663 3535 739 3596 Quod
758 3533 887 3599 quomodo
907 3532 1056 3596 expediam,
1080 3529 1181 3589 neseio,
1206 3528 1256 3577 uisi
1274 3527 1359 3575 dicere
1377 3526 1446 3588 licet,

119 3617 298 3698 ω’τοκροῖτορος
320 3643 415 3679 nomen
436 3629 473 3679 aio
491 3627 560 3678 nude
579 3627 628 3676 soli
647 3625 745 3676 nomini
763 3625 912 3675 adiunctum
930 3623 1008 3673 facile
1026 3635 1058 3671 es
1076 3620 1203 3670 sententia
1221 3617 1304 3680 accipi
1321 3616 1444 3680 potuisse,

120 3736 173 3787 qus
189 3721 332 3786 principem
350 3720 435 3784 ipsum
453 3720 587 3784 significet,
608 3733 689 3782 eaque
708 3718 741 3767 de
759 3731 837 3767 causa
848 3716 955 3765 vitatum
973 3727 1037 3762 esse.
1069 3713 1158 3775 Longe
1177 3710 1251 3759 aliter
1268 3722 1310 3757 res
1329 3721 1356 3757 ae
1369 3706 1447 3756 babet

114 3814 147 3879 ‚in
171 3814 252 3865 titulis
274 3811 420 3862 honorariis
444 3810 524 3872 (volut
545 3811 573 3860 in
597 3811 644 3860 illo
663 3810 763 3870 Crassi,
790 3822 875 3872 aquo
894 3806 961 3856 hauc
979 3810 1060 3854 totam
1079 3801 1319 3853 commentationem
1339 3812 1446 3848 exorsus

120 3874 187 3967 lum)
210 3905 256 3955 ubl
280 3909 307 3954 et
329 3903 436 3952 nomina
457 3908 484 3950 ct
507 3900 635 3952 honorum
660 3901 819 3966 singulorum
845 3896 969 3948 vocabula
991 3896 1067 3960 plens
1092 3900 1168 3958 atque
1192 3891 1312 3942 distinete
1336 3889 1445 3953 perscri-

120 3997 223 4047 buntur.

197 4082 223 4149 ¹)
250 4084 371 4137 Tiberius
393 4083 474 4134 irater
492 4084 546 4133 eius
564 4083 615 4134 iam
635 4090 771 4148 antequam
791 4081 822 4131 ab
842 4080 960 4146 Augusto
980 4077 1146 4144 adoptaretur
1164 4073 1337 4125 sacerdotium
1356 4069 1445 4120 habuit

119 4177 207 4243 ayne
225 4178 253 4228 in
273 4163 357 4229 cana·
368 4175 410 4237 (c.
423 4176 446 4226 1.
460 4175 506 4227 er.
521 4175 612 4235 2943).

1070 4283 1119 4342 W.
1142 4281 1400 4340 Drrusnnsaoaa.
