3480 5804
659 494 1069 561 murmuraverunt.
1451 472 1524 545 230

205 668 351 745 scriptum
377 668 418 726 sit
444 666 565 738 Quirino
586 671 616 725 in
637 653 745 741 coll(e).
786 665 865 722 idem
891 664 941 722 illu
962 664 1009 722 dia
1030 663 1097 722 Iun.
1121 663 1158 722 29
1181 664 1202 721 f.
1219 664 1247 735 6,
1270 662 1343 722 7961
1371 682 1433 724 aum
1458 666 1528 723 data

203 779 271 827 aunt
289 768 402 828 nabeaa
423 769 527 842 templu
549 767 669 837 Quirine
694 776 767 824 naua.
809 766 840 823 in
868 765 935 824 solo
960 765 1022 823 kal.
1044 764 1156 824 Venus.
1178 765 1375 840 adscriptum:
1405 763 1527 834 Quirino

202 872 234 927 in
254 867 365 944 coll(a).
407 867 509 927 Ovidii
534 867 626 926 verba
653 868 728 925 haec
753 885 815 924 non
842 866 940 942 magis
966 865 1105 941 ambigua
1130 871 1200 924 sunt
1227 884 1317 941 quam
1338 865 1394 925 illa
1413 866 1450 924 de
1471 865 1528 926 ldi-
1566 892 1570 898 ⁴

203 987 309 1027 nerva:
331 969 463 1043 loquitur
484 968 521 1026 de
542 968 660 1043 templis
683 967 809 1025 duobus.
853 967 982 1025 accessit
1002 986 1096 1042 nuper
1117 966 1154 1024 de
1175 984 1235 1042 quo
1256 966 1374 1042 agimus
1394 967 1527 1025 hemero-

203 1069 275 1147 logii
290 1069 449 1127 Arvalium
471 1069 754 1143 testimoniumque
776 1067 991 1126 Vulcanalibus
1015 1066 1163 1143 Quir(ino)
1185 1070 1216 1124 in
1237 1067 1309 1127 colla
1328 1067 1438 1127 factum
1460 1085 1528 1126 esse

203 1178 331 1229 constat.
379 1169 439 1227 iam
472 1169 595 1228 annales
627 1176 660 1226 ut
691 1169 753 1225 lere
779 1168 869 1226 unius
902 1168 1055 1226 Minervae
1086 1168 1119 1225 111
1149 1167 1298 1226 Aventino
1330 1168 1529 1227 meminerunt

202 1270 340 1347 neglecto
373 1269 483 1328 sacello
515 1269 668 1328 Minervae
697 1266 823 1343 Captae,
855 1269 899 1326 111
931 1287 1019 1326 unam
1051 1269 1082 1325 in
1109 1268 1183 1326 colle
1208 1266 1327 1340 Quirini
1352 1278 1528 1341 memorant,

203 1371 339 1447 neglecto
361 1370 442 1445 quod
463 1369 521 1428 fuit
541 1371 606 1429 eiua
625 1372 754 1444 proxime
770 1379 885 1444 parturn
911 1369 1088 1439 Quirinalem
1113 1369 1259 1440 ancellum,
1286 1370 1371 1428 cuius
1396 1369 1530 1428 meminit

204 1468 288 1529 Fest.
309 1488 339 1546 p.
356 1468 442 1528 2541
463 1471 542 1530 conl.
565 1471 635 1545 epit.
657 1488 687 1545 p.
703 1468 763 1529 255
791 1478 820 1528 et
845 1469 975 1528 fortasse
997 1468 1095 1526 Varro
1121 1469 1158 1529 de
1179 1470 1198 1527 1.
1221 1471 1242 1528 1.
1265 1471 1294 1540 5,
1316 1468 1366 1528 20.
1407 1470 1447 1528 ad
1472 1471 1529 1528 hoe

198 1571 305 1644 sanum
327 1568 534 1644 Quirinalibus
556 1589 643 1629 sacra
657 1567 784 1643 Quirino
806 1568 886 1629 sacta
907 1587 973 1629 esse
993 1579 1074 1629 recte
1096 1569 1199 1629 statuit
1216 1570 1333 1630 Merkel
1354 1590 1384 1647 p.
1400 1568 1528 1630 CXLII.

203 1680 324 1745 praeter
344 1671 401 1728 hoc
421 1670 524 1729 sanum
545 1690 635 1729 unam
657 1678 690 1729 ut
711 1670 776 1728 dixi
800 1669 939 1728 novimus
966 1672 1070 1729 aedem
1096 1669 1215 1744 Quirini
1241 1671 1407 1730 dedicatam
1429 1690 1448 1729 a
1468 1671 1544 1729 Par

203 1770 281 1849 pirio
303 1768 436 1830 Cursore
460 1771 615 1830 dictatorie
642 1771 716 1829 lilio¹
731 1790 758 1828 a.
782 1771 840 1830 461
869 1770 950 1844 (Liv.
976 1771 1024 1841 10,
1045 1769 1111 1846 46).
1160 1779 1229 1829 anta
1255 1772 1335 1830 hunc
1360 1790 1471 1831 annum
1499 1775 1530 1830 in

204 1872 274 1930 aede
296 1870 412 1941 Quirini
438 1878 575 1930 senatum
601 1871 734 1929 habitum
760 1887 827 1929 esse
853 1870 905 1945 qui
934 1870 1047 1928 rettulit
1073 1869 1155 1945 (Liv.
1177 1873 1207 1943 4,
1230 1870 1284 1946 21)
1312 1891 1380 1931 eum
1406 1891 1425 1929 a
1450 1890 1530 1930 com·

199 1971 345 2036 ¹mentioia
370 1971 540 2030 narratione
567 1971 696 2046 pendere
722 1980 792 2047 post
817 1970 894 2028 alios
917 1971 982 2029 dixi
1007 1971 1076 2046 Tap.
1100 1970 1129 2043 2,
1151 1969 1221 2029 267.
1264 1990 1351 2031 nemo
1373 1972 1450 2031 dixit
1471 1973 1529 2031 Pu·

203 2071 350 2148 pirianam
370 2072 473 2131 aedem
492 2071 640 2142 interisse,
661 2067 787 2143 ‘Quirini
806 2066 917 2128 aedem’
939 2065 1000 2144 (riv
1020 2073 1074 2128 rod
1087 2064 1203 2152 Κυρίνου
1227 2066 1306 2147 uuir)
1329 2074 1531 2150 conflagrasse

205 2189 233 2230 a.
256 2171 316 2230 705
338 2171 399 2231 Dio
421 2173 471 2243 41,
496 2173 534 2230 14
556 2177 667 2242 1111111,
688 2190 759 2229 mox
781 2171 812 2228 in
832 2166 914 2228 ‘aede
937 2166 1065 2242 Quirini’
1087 2190 1114 2228 a.
1131 2171 1189 2230 708
1212 2172 1371 2248 imaginem
1393 2192 1433 2232 ex
1456 2192 1480 2232 1.
1503 2193 1529 2233 c.

204 2272 335 2348 positam
356 2273 407 2346 43,
429 2273 458 2343 8,
490 2281 562 2347 post
593 2272 633 2347 (a.
657 2270 732 2346 738)
765 2270 802 2328 de
824 2270 977 2346 Augusto:
1010 2263 1058 2326 τόυ
1084 2272 1136 2326 τοῦ
1162 2263 1281 2353 Kupr'uou
1302 2263 1479 2354 καθιὲρωσεν
1499 2272 1531 2332 ἐκ

204 2374 302 2442 καινῆς
324 2363 509 2441 οἰκοδομήσας
525 2371 590 2448 (54,
607 2371 668 2446 19).
701 2372 777 2429 hanc
798 2389 868 2429 ease
888 2391 953 2430 eam
969 2371 1072 2430 aedem
1095 2389 1184 2446 quam
1205 2389 1237 2429 se
1251 2375 1359 2447 ,1111111
1372 2375 1530 2450 Augustus

205 2480 340 2544 testetur,
364 2474 425 2530 ianr
451 2489 506 2548 pro
534 2482 615 2531 certo
641 2473 795 2543 habemus,
822 2472 893 2530 item
921 2490 975 2546 pro
997 2478 1079 2530 certo
1099 2471 1172 2530 illud
1188 2474 1295 2545 secisse
1314 2491 1407 2549 posse
1427 2475 1531 2534 referri

205 2573 244 2632 ad
264 2574 368 2633 aedem
390 2573 527 2650 vestigiis
548 2573 681 2649 antiquis
708 2572 943 2650 regionibusque
968 2572 1006 2630 de
1020 2573 1094 2630 solo
1115 2572 1268 2643 relectam,
1294 2574 1373 2634 unde
1394 2577 1533 2649 sequitur

206 2684 238 2732 ut
260 2674 321 2733 Dio
347 2691 407 2732 non
436 2673 586 2749 putandus
614 2675 655 2731 sit
679 2673 784 2731 aedem
809 2673 868 2731 alio
895 2690 954 2747 quo
981 2682 1070 2732 antea
1093 2671 1183 2731 fuerit
1208 2673 1275 2732 loco
1300 2675 1412 2735 saetam
1433 2674 1533 2736 dicere

203 2783 269 2846 aut,
297 2775 323 2834 si
349 2774 470 2847 dixerit,
495 2775 574 2833 male
606 2774 832 2850 interpretatum
859 2790 927 2832 esse
954 2774 1035 2849 quod
1063 2774 1156 2832 latina
1183 2774 1326 2850 scripturn
1357 2775 1533 2851 invenisset,

206 2876 304 2934 aedan
327 2874 362 2945 Q.
386 2877 420 2934 de
441 2876 503 2933 eolo
517 2877 642 2950 suctum.
685 2875 755 2933 huic
776 2874 843 2933 aedi
863 2875 1034 2950 Augustum
1055 2875 1202 2951 porticum
1221 2873 1363 2935 LXXV}
1380 2877 1533 2935 columna·

206 2995 274 3034 rum
295 2976 405 3035 fecisse
425 2975 503 3034 idem
526 2974 587 3033 Dio
608 2975 695 3034 testis
722 2983 783 3034 est:
815 2975 891 3034 vidit
916 2993 987 3051 ergo
1008 2975 1216 3053 Augustanam
1238 2977 1342 3035 aedem
1363 2976 1533 3051 Vitruvius,

207 3078 260 3153 qui
286 3095 353 3135 eam
381 3077 518 3152 dipteron
550 3076 719 3152 octastylon
751 3075 847 3134 fuisse
878 3085 982 3135 narrat
1003 3076 1032 3148 3,
1057 3078 1084 3147 l,
1108 3075 1136 3133 7.
1184 3076 1278 3135 edidit
1307 3085 1408 3136 autem
1438 3079 1533 3138 libros

208 3194 281 3235 suos
303 3178 384 3235 circa
404 3195 430 3233 1
454 3176 525 3246 740,
556 3195 618 3235 uon
640 3184 674 3233 ut
693 3175 889 3234 Lachmanno
911 3175 1007 3234 risum
1030 3183 1077 3234 est
1103 3183 1171 3235 ante
1197 3196 1224 3234 a.
1247 3176 1316 3249 727,
1349 3185 1382 3234 ut
1403 3177 1532 3237 Dionem

208 3276 317 3335 erroris
339 3293 464 3353 arguere
486 3275 572 3333 nulla
593 3277 633 3332 sit
654 3294 809 3334 causa-
830 3285 861 3334 et
881 3275 999 3334 videtur
1025 3276 1102 3334 hanc
1129 3276 1307 3334 sententiam
1328 3277 1534 3336 Mommsenus

209 3376 355 3435 abiecisse
374 3375 414 3433 ad
427 3375 509 3433 Mon.
523 3375 600 3433 Ano.
620 3394 649 3451 p.
666 3375 716 3443 53,
738 3392 805 3431 cum
820 3383 909 3432 autea
923 3372 957 3434 0.
974 3373 999 3430 I.
1015 3372 1050 3432 L.
1069 3375 1084 3431 l
1101 3392 1129 3449 p.
1147 3375 1206 3432 395
1222 3375 1371 3449 probaret.
1404 3376 1534 3454 denique

207 3476 327 3535 Plinius
350 3494 385 3534 eo
406 3475 473 3533 loco
496 3492 555 3550 quo
577 3472 656 3531 infra
676 3480 744 3531 utar
763 3481 881 3548 praeter
904 3491 994 3531 unum
1010 3471 1130 3544 Quirini
1151 3475 1232 3548 quod
1253 3476 1339 3550 ponit
1359 3475 1437 3533 inter
1457 3478 1534 3535 anti·

208 3576 356 3652 quissima
376 3575 529 3633 delubrum
551 3574 665 3632 nullum
689 3572 773 3630 novit
787 3572 852 3648 (15,
870 3570 942 3647 120)
964 3572 1052 3647 idque
1070 3575 1182 3632 mansit
1196 3583 1330 3650 tempore
1344 3573 1534 3634 Constantini

208 3678 330 3754 regione
351 3675 406 3734 v1.
447 3676 550 3750 itaque
570 3675 630 3731 nisi
652 3673 796 3730 natalium
817 3673 932 3730 dierum
954 3673 1030 3730 ratio
1051 3672 1189 3732 habenda
1214 3683 1293 3732 esset
1317 3693 1405 3733 nemo
1427 3676 1535 3752 opinor

210 3780 419 3854 Augustanam
442 3776 543 3835 aedem
558 3774 590 3832 in
604 3773 740 3849 vestigiis
752 3773 934 3849 Papirianae
955 3789 1033 3832 auno
1049 3772 1108 3832 708
1124 3772 1258 3850 integrae
1272 3775 1381 3833 factam
1402 3784 1533 3852 negaret.

208 3878 269 3937 iam
289 3878 469 3953 Papirianae
496 3874 581 3934 aedis
611 3874 739 3932 natalem
765 3874 936 3949 quaerimus
962 3891 1090 3950 eumque
1116 3875 1154 3934 ab
1180 3876 1320 3952 Augusto
1347 3876 1535 3935 immutatum

209 3994 278 4037 esse
308 3979 367 4036 nisi
394 3977 572 4036 necessitate
597 3974 693 4033 coacti
719 3992 781 4032 non
808 3975 989 4050 putabimus.
1038 3975 1121 4051 atqui
1148 3977 1251 4051 templa
1282 3976 1397 4047 Quirini
1422 3978 1536 4036 trabeae

210 4079 280 4135 datu
305 4076 595 4136 essed.291unio
624 4074 764 4144 vidimus,
791 4093 918 4151 eumque
944 4074 1023 4133 diem
1050 4084 1118 4133 ante
1144 4075 1309 4134 dedicatam
1337 4075 1376 4132 ab
1396 4076 1535 4154 Augusto

211 4177 314 4236 aedem
329 4175 456 4249 Quirino
477 4174 606 4232 dicatum
626 4191 695 4233 essa
711 4173 798 4231 docet
810 4173 993 4232 Venusinum
1014 4175 1246 4250 hemerologinm
1262 4192 1289 4232 a.
1306 4173 1365 4233 727
1381 4177 1535 4251 scriptum.
1616 4238 1619 4243 ,

211 4278 263 4353 qui
291 4277 354 4334 dies
381 4294 448 4333 cum
475 4293 503 4331 1.
526 4272 586 4331 709
614 4273 746 4332 adiectus
774 4272 814 4330 sit
840 4291 859 4330 a
880 4271 915 4332 C.
959 4272 1090 4332 Caesare
1115 4274 1212 4350 sitque
1240 4292 1268 4332 u.
1291 4275 1319 4331 d.
1340 4274 1397 4330 III
1415 4275 1442 4332 lc.
1465 4275 1535 4349 Iul,

211 4395 272 4434 non
303 4376 389 4434 video
421 4394 475 4433 our
505 4391 565 4431 non
596 4373 676 4431 idem
709 4372 774 4431 dies
802 4372 853 4448 qui
881 4380 950 4432 ante
977 4374 1074 4432 111101
1101 4393 1121 4432 1
1141 4371 1274 4433 Caesare
1299 4373 1453 4432 ordinatos
1479 4373 1536 4432 fuit

211 4475 340 4534 1111127
368 4474 472 4533 haberi
497 4472 595 4551 possit
621 4491 678 4550 pro
703 4471 796 4530 natali
823 4473 906 4533 aedis
932 4473 1122 4550 Papirianae,
1154 4475 1204 4532 eui
1234 4480 1298 4532 tum
1325 4473 1454 4533 fortasse
1482 4472 1535 4532 ad·

213 4577 354 4652 seriptum
376 4584 458 4634 esset
478 4592 517 4646 rr,
545 4573 623 4631 unde
649 4580 756 4649 postea
780 4572 892 4632 factum
911 4589 943 4633 r:
972 4575 1061 4634 etiam
1082 4574 1166 4633 Iovie
1193 4573 1325 4632 tonantis
1346 4573 1458 4631 natalis
1479 4572 1536 4632 hac

211 4679 280 4753 ipsa
300 4684 372 4735 nota
392 4675 550 4752 insignitus
572 4682 624 4732 est.
667 4673 844 4749 relinquitur
870 4674 961 4752 igitur
987 4693 1105 4734 sacrum
1128 4672 1255 4748 Quirino
1276 4675 1309 4733 in
1329 4673 1407 4732 colle
1426 4672 1536 4731 Volca-

212 4778 329 4836 nalibus
357 4777 500 4847 oblatum,
528 4773 609 4850 quod
636 4791 703 4832 cum
731 4791 823 4851 supra
843 4773 993 4834 docuerim
1018 4795 1085 4834 cum
1106 4774 1281 4834 Vulcanalie
1301 4773 1446 4849 religione
1466 4789 1537 4830 aun·

213 4878 345 4937 iunctum
367 4895 446 4948 esse,
467 4894 527 4935 non
550 4874 652 4931 dubito
674 4875 747 4949 quin
769 4874 977 4934 secundarium
1000 4875 1040 4935 sit
1060 4877 1125 4936 eius
1146 4874 1195 4934 dei
1216 4891 1335 4934 sacrum
1356 4880 1386 4932 et
1405 4872 1536 4932 fortasse

214 4977 253 5037 ad
273 4979 375 5039 aedem
396 4980 606 5056 Augustanam
626 4974 714 5034 iussu
735 4976 865 5052 Augusti
884 4975 1006 5036 facturn.
