3480 5804
155 496 228 569 276
725 508 907 564 nonnsua

83 714 87 721 ·
153 686 231 746 lemo
253 694 351 745 aetate
364 684 510 745 Hadriani
532 681 677 761 clarus.¹)
709 683 775 743 Iam
797 702 864 743 cum
879 681 1025 743 Claudius
1041 682 1206 758 imperator
1226 698 1257 740 a.
1275 680 1321 739 41
1339 678 1504 739 Polemoni

152 806 208 865 pro
230 804 323 864 reguo
343 786 521 864 Bosporano
548 786 648 844 ablato
674 794 789 862 partem
812 782 936 844 Ciliciae
962 778 1128 859 dederit'),
1159 780 1246 843 Nero
1270 788 1385 841 autem
1413 799 1444 839 a.
1464 778 1500 839 63

153 887 283 947 Pontum
303 886 334 946 in
355 888 528 964 provinciae
548 886 675 945 formam
695 886 853 962 redegerit,
875 885 1017 944 credibile
1038 893 1087 944 est
1106 900 1246 944 nummos
1270 882 1352 941 illos
1375 880 1424 941 M.
1440 880 1501 941 An·

152 988 228 1047 tonii
248 988 369 1047 nomina
389 988 536 1064 iuscripta
556 987 700 1047 habentes
721 986 809 1045 flatos
832 1003 900 1046 esse
920 1005 975 1063 per
995 995 1132 1060 tempora
1144 982 1326 1044 Claudiana
1345 992 1381 1042 ot
1402 989 1500 1059 poste.

152 1089 243 1161 riora,
269 1088 437 1149 Zeuooides
459 1098 558 1148 autem
586 1088 707 1147 arnissis
731 1088 833 1166 regnis
853 1087 980 1146 rediisse
1001 1086 1040 1144 ad
1060 1094 1171 1144 statum
1191 1084 1332 1161 primurn
1354 1083 1500 1162 dynasta·

153 1208 220 1248 rum
247 1188 358 1261 Olbae,
390 1208 479 1266 quem
510 1189 710 1267 principatum
742 1198 897 1266 acceptum
926 1206 945 1246 a
971 1185 1099 1247 Claudio
1126 1186 1217 1246 etiam
1243 1184 1371 1245 amisso
1398 1184 1499 1244 Ponto

152 1290 337 1367 aliquamdiu
358 1290 495 1349 videntur
515 1290 687 1363 retinuisse,
708 1289 815 1349 deinde
836 1288 1047 1366 principalium
1068 1287 1177 1347 ciuium
1198 1285 1393 1346 Laodiceae.

240 1746 326 1807 XIV.
370 1744 646 1807 COROLLARIA
667 1744 725 1803 DE
747 1743 1003 1805 CLEOPATRA
1023 1742 1156 1805 Ivnnn
1175 1740 1403 1819 DOMOQVE

466 1845 683 1906 ARCHELAI
704 1845 831 1908 REGIS
854 1844 1167 1906 cnPPnnoclnll.

236 2028 285 2088 De
311 2026 473 2103 Cleopatra
496 2028 648 2087 Antoniae
673 2029 737 2086 lilia
767 2048 844 2107 quae
871 2048 963 2106 supra
989 2029 1052 2089 dixi
1078 2048 1145 2089 cum
1171 2030 1203 2089 in
1228 2028 1359 2089 dubium
1388 2026 1490 2089 nonni

152 2148 244 2207 posse
264 2129 451 2207 intellegam,
479 2139 633 2206 praeterea
653 2131 837 2205 comparatio
859 2130 1043 2189 condicionis
1064 2130 1131 2190 eius
1154 2137 1185 2189 et
1204 2128 1433 2209 Pythodoridis
1452 2128 1491 2189 nd

152 2252 215 2292 reru
237 2232 336 2291 lacere
356 2230 508 2303 videatur,
529 2230 567 2290 dc
587 2231 656 2307 ipsa
676 2249 772 2308 pauca
792 2232 884 2289 verba
905 2231 1074 2310 adiungam.
1117 2231 1245 2291 Liberos
1265 2230 1430 2290 Antonius
1450 2248 1488 2289 ex

152 2332 316 2412 Cleopatra
335 2331 466 2408 Aegypti
486 2332 590 2409 regina
611 2331 744 2407 suscepit
764 2350 825 2390 uon
845 2350 900 2409 per
921 2349 1017 2391 anuos
1040 2330 1165 2405 718114,
1191 2348 1342 2409 quocum
1369 2349 1412 2391 ea
1432 2330 1489 2391 init

150 2436 280 2514 primum
301 2435 333 2492 in
355 2432 472 2504 Cilicia,
497 2433 604 2491 deinde
625 2432 847 2504 Alexandriae,
874 2432 927 2491 sed
948 2440 1108 2509 postquam
1130 2452 1195 2491 eam
1216 2451 1245 2492 a.
1267 2432 1330 2490 717
1353 2440 1489 2493 exeunte

151 2544 203 2595 aut
224 2554 251 2594 a
274 2536 394 2594 demum
416 2533 476 2592 718
497 2534 528 2591 in
552 2532 671 2610 Syriam
697 2532 737 2590 ad
764 2550 797 2591 sa
823 2532 951 2591 vocarit.
1000 2534 1037 2592 ld
1063 2533 1140 2592 satis
1168 2539 1270 2609 aperte
1296 2532 1487 2593 Plutarchus

150 2637 263 2696 indicat
284 2634 368 2710 (Ant.
390 2632 444 2709 36)
465 2633 648 2710 acquiritque
674 2652 774 2691 rerum
800 2634 892 2703 ordo;
917 2634 1113 2709 nequeenim
1135 2632 1220 2691 libari
1247 2632 1294 2691 illi
1321 2635 1390 2693 nati
1416 2645 1488 2694 nunt

149 2754 210 2814 quo
230 2747 363 2813 tempore
384 2734 536 2792 Antonius
557 2732 682 2792 Fuluiae
704 2735 829 2792 maritus
851 2742 924 2806 erat,
953 2733 1006 2791 sed
1027 2752 1087 2810 quo
1112 2744 1249 2812 tempora
1267 2734 1400 2795 maritus
1422 2747 1487 2797 erat

149 2837 305 2902 Octaviae.
348 2833 419 2893 Non
440 2844 519 2892 recte
533 2834 624 2910 igitur
644 2833 723 2905 iude,
745 2832 905 2910 quodDio
921 2833 971 2905 49,
994 2833 1032 2893 32
1056 2834 1095 2893 ad
1116 2853 1143 2893 a
1159 2832 1220 2893 718
1241 2832 1333 2895 ῐτίιιω
1352 2836 1486 2897 Antonii

148 2946 180 2997 et
194 2936 372 3012 Cleopatrae
390 2933 551 2993 liberorum
572 2934 751 2992 montionem
772 2934 853 3008 lacit,
874 2934 1071 3012 gemellorum
1092 2936 1218 2995 duorum
1237 2942 1313 2995 natu
1333 2914 1485 2998 maiorum

148 3035 317 3095 Alexandri
337 3044 368 3092 et
382 3032 560 3109 Cleopatrae
574 3034 712 3109 tertiique
726 3034 904 3106 Ptolemaei,
916 3036 1113 3095 Drumannus
1133 3035 1218 3112 (hist.
1236 3037 1263 3108 1,
1278 3034 1337 3113 28)
1357 3038 1486 3117 collegit

147 3137 228 3196 huno
252 3152 288 3194 eo
316 3135 383 3211 ipso
408 3153 488 3192 anuo
515 3142 617 3191 natum
644 3151 727 3206 esse3
753 3135 845 3193 immo
874 3135 933 3194 Dio
958 3136 1061 3212 paullo
1082 3136 1207 3196 liberius
1228 3138 1425 3215 exspatiatun
1445 3140 1483 3199 de

146 3237 272 3297 Antonii
299 3243 330 3295 et
351 3233 531 3312 Cleopatrae
555 3234 656 3292 liberis
677 3234 709 3293 in
730 3236 901 3295 universum
923 3237 1057 3313 exponit.
1101 3236 1266 3317 Cleopatra
1287 3238 1386 3317 igitur
1411 3248 1484 3301 nata

146 3346 195 3399 est
215 3346 268 3397 aut
288 3357 313 3395 a
331 3336 391 3396 718
414 3346 547 3395 extremo
564 3344 614 3394 aut
628 3336 813 3413 probabilius
827 3354 904 3396 anno
920 3346 1073 3414 sequente.
1086 3371 1129 3382 —
1150 3338 1219 3415 Quo
1234 3344 1372 3419 temporo
1385 3340 1481 3403 lubae

146 3439 296 3516 nupserit,
328 3437 517 3514 aliquatenus
550 3435 678 3513 produnt
708 3438 822 3495 nummi
854 3438 1007 3516 utriusque
1039 3440 1137 3515 capite
1161 3438 1296 3517 insigues
1323 3440 1484 3521 adempta

146 3540 291 3600 habentes
324 3538 362 3596 ad
394 3538 452 3597 viri
483 3544 572 3613 caput
603 3538 695 3597 verba
721 3556 772 3596 rea
799 3537 875 3596 lata
900 3543 977 3615 regia
1001 3539 1088 3599 Indoi
1105 3541 1134 3616 s.
1159 3539 1270 3618 Magna)
1293 3540 1407 3621 o(aao)
1439 3542 1487 3604 Vl

148 3640 198 3716 (L.
227 3639 354 3700 Mueller
385 3657 461 3697 oum.
488 3639 523 3697 do
545 3636 688 3715 l'Asrique
713 3639 743 3711 3,
772 3637 855 3713 108).
898 3637 1037 3717 Regnum
1064 3641 1271 3701 Mauretaniae
1298 3658 1368 3702 cnm
1401 3642 1484 3703 Inbn

146 3741 315 3799 obtinuisse
340 3738 477 3796 videatur
498 3756 525 3796 a.
547 3757 576 3796 u.
597 3755 622 3796 c.
645 3736 705 3795 729
728 3737 778 3813 (L.
800 3738 929 3797 Mueller
951 3740 971 3799 l.
994 3760 1019 3800 c.
1041 3761 1070 3819 p.
1096 3740 1180 3818 114),
1207 3742 1311 3819 nupsit
1335 3742 1365 3803 el
1388 3740 1480 3807 Cleo·

145 3847 234 3918 patra
254 3857 314 3898 non
335 3845 405 3914 post
425 3856 453 3896 a.
476 3838 554 3910 734,
581 3855 640 3913 quo
668 3856 705 3895 ea
729 3858 839 3898 annum
865 3841 974 3917 agebat
994 3842 1130 3917 quintum
1150 3841 1306 3902 decimum.
1349 3840 1482 3906 Nummi

146 3949 251 4000 extant
278 3947 339 3998 tam
366 3938 499 4016 argentei
524 3955 615 4013 quam
643 3939 728 3997 aenei
749 3939 801 3997 alii
824 3928 892 4000 eius
915 3942 1008 4001 solius
1034 3944 1155 4002 nomine
1183 3942 1335 4022 inscripti,
1360 3946 1481 4009 seilicet

146 4033 314 4122 Κλεοπάτρα
341 4030 526 4105 βασίλισσα,
557 4045 588 4097 et
614 4037 722 4115 signati
749 4041 846 4116 capite
874 4043 941 4102 eius
966 4044 1050 4120 regio
1077 4044 1245 4105 diademate
1270 4054 1393 4119 ornato,
1425 4048 1479 4110 alii

145 4142 227 4219 iique
253 4141 357 4218 plures
379 4139 500 4199 nomina
525 4157 575 4197 rea
595 4140 671 4198 luta
692 4146 722 4199 et
741 4131 907 4201 βασῖλισσσ
927 4136 1098 4228 Κὶσσπάτρα
1118 4164 1283 4222 eorumque
1305 4147 1411 4225 capita
1431 4151 1477 4209 ita

144 4244 372 4321 coniungentes,
395 4248 427 4300 ut
447 4248 548 4316 aperte
569 4239 712 4318 coniuges
735 4241 792 4300 sibi
813 4244 1052 4320 aequiparentur.
1091 4245 1136 4306 Oa
1152 4251 1289 4323 poarroit
1308 4248 1479 4324 demandet,

144 4343 308 4408 Muellerus
330 4344 373 4401 ait
387 4361 417 4419 p.
435 4341 504 4412 116,
527 4344 554 4400 ai
569 4341 609 4400 lca
628 4345 774 4400 mecanica
795 4347 847 4418 qai
856 4344 1019 4418 priaeatent
1040 4346 1065 4405 le
1085 4364 1149 4406 nom
1171 4358 1198 4407 ct
1217 4348 1248 4405 la
1267 4348 1321 4409 te'tc
1341 4350 1377 4409 ds
1394 4350 1478 4413 cleu

138 4454 238 4521 patre,
259 4463 299 4503 aa
321 4446 412 4501 moins
434 4442 516 4502 celles
538 4443 680 4501 otnero
702 4453 828 4503 nouom
844 4462 903 4521 poa
929 4445 954 4503 le
975 4464 1038 4504 nom
1060 4457 1087 4506 et
1107 4448 1138 4507 la
1158 4447 1210 4508 tile
1230 4449 1266 4507 de
1285 4449 1373 4523 laio,
1397 4447 1479 4515 aa'oat

138 4562 198 4622 poa
225 4544 268 4602 tat
286 4544 429 4620 [ταρφέα
455 4561 488 4602 ea
512 4553 592 4601 verta
618 4543 703 4603 dane
723 4544 848 4603 catoritd
866 4550 1030 4606 conamina
1055 4565 1092 4606 ou
1119 4549 1190 4607 rica
1214 4550 1293 4608 droit
1316 4553 1478 4617 mendam

140 4645 277 4705 occordc'a
303 4645 563 4720 perticaliiremeat
590 4642 610 4702 ὰ
637 4653 705 4703 cette
731 4648 821 4718 retae,
859 4656 891 4706 et
919 4648 989 4707 licet
1018 4647 1085 4724 ipse
1113 4649 1146 4708 id
1170 4649 1219 4710 ius
1251 4660 1342 4728 neget
1372 4654 1498 4737 magia,

219 4931 243 4992 ¹)
270 4930 442 4983 Philostratus
473 4933 517 4983 vlt.
544 4932 619 4998 soph.
647 4936 672 4997 1,
700 4933 744 4995 25,
774 4934 804 4985 3:
835 4924 964 4993 ’Δντῶνιος
993 4934 1126 5005 Πολέμων.
1177 4937 1281 4989 Titnlnn
1309 4936 1476 5015 Sum

143 5019 173 5069 C.
193 5021 214 5070 Ι.
234 5021 281 5072 Gr.
302 5022 382 5072 3148.
1375 5084 1381 5093 Ι
1454 5064 1459 5069 -

218 5107 243 5171 ²)
262 5111 315 5161 Dio
335 5113 378 5173 60,
400 5114 425 5165 8.
