3480 5804
366 453 435 524 190
634 499 638 505 -
953 471 1099 522 uunzsn

361 644 486 703 Martias
508 662 576 702 curn
597 642 703 701 eodem
724 643 912 701 consulatum
934 642 1162 703 administrasse
1183 642 1310 735 traditur
1335 641 1407 717 (act.
1429 643 1533 712 Arval.
1557 662 1584 701 a.
1605 640 1693 717 118),

361 749 443 806 Ante
463 746 541 803 diem
561 743 668 802 deinde
684 742 728 800 VI
742 744 889 802 kalendas
904 744 1009 802 Iunias
1031 744 1135 803 eodem
1156 746 1270 804 honore
1291 744 1430 803 utebatur
1450 744 1610 822 adsumpto
1630 742 1696 802 col·

361 847 430 924 lega
456 845 490 907 (l.
513 844 666 905 Ummidio
693 841 865 917 Quadrato,
893 845 936 902 ita
964 854 996 904 ut
1023 846 1122 905 fasces
1149 846 1249 922 ipsum
1276 846 1437 905 retinuisse
1464 855 1609 922 appareat
1637 863 1694 921 per

361 949 421 1007 duo
447 947 587 1007 nundina
634 943 779 1004 Nundina
803 965 841 1005 ea
865 955 917 1005 aut
943 946 1105 1006 trimestria
1130 947 1242 1006 luerint
1266 964 1389 1005 necesse
1415 954 1462 1005 est
1488 955 1540 1005 aut
1568 946 1694 1022 quadri·

362 1050 498 1121 mestria,
524 1066 591 1106 euru
617 1047 746 1122 primum
773 1047 813 1105 ad
839 1064 969 1126 mensem
990 1055 1070 1107 certe
1090 1049 1230 1106 Martium
1253 1045 1469 1124 pervenerit¹).
1512 1047 1619 1106 Tertio
1643 1047 1694 1106 vel

362 1159 469 1228 quarto
497 1148 630 1207 nundino
657 1147 757 1207 fasces
785 1156 946 1224 gesseruut
970 1148 1005 1207 L.
1034 1149 1222 1224 Pomponius
1248 1149 1380 1221 Bassus,
1407 1148 1443 1208 L.
1470 1148 1694 1225 [Lic]inius(l)

361 1252 524 1322 Barbarus,
544 1249 654 1326 quibus
676 1249 850 1308 oonsulibus
865 1249 993 1310 Arvales
1014 1251 1189 1309 convenisse
1210 1250 1347 1310 dicuntur
1367 1250 1406 1309 ob
1421 1249 1582 1309 adventum
1597 1250 1694 1326 impe·

360 1354 480 1425 ratoris,
502 1352 553 1429 qui
576 1370 636 1428 quo
658 1368 760 1409 mense
778 1351 808 1408 in
826 1351 927 1409 urbem
942 1352 1097 1410 intraverit
1111 1370 1171 1410 non
1186 1352 1281 1429 liquet
1302 1351 1372 1427 (act.
1390 1352 1493 1410 Arval.
1509 1371 1535 1408 a
1552 1350 1637 1425 118).
1651 1384 1690 1393 —

361 1456 470 1513 Annus
485 1453 546 1512 ’119
573 1454 602 1510 iu
629 1461 704 1529 quot
730 1451 864 1510 nundina
888 1451 1064 1512 distributus
1084 1453 1189 1525 luerit,
1216 1453 1278 1513 fere
1300 1453 1486 1530 exploratum
1508 1464 1564 1531 est.
1608 1451 1693 1510 Nam

361 1557 459 1616 fasces
485 1553 655 1613 ordinarios
682 1571 717 1611 eo
743 1571 821 1611 anuo
843 1571 910 1611 cum
932 1553 1058 1613 Rustico
1079 1552 1254 1613 Hadrianus
1276 1554 1410 1631 suscepit
1430 1554 1549 1612 tertium
1571 1555 1693 1626 consul,

361 1675 438 1734 quos
459 1675 513 1732 per
534 1656 593 1714 duo
613 1654 747 1714 nundina
767 1656 834 1713 eam
849 1655 983 1714 tenuisse
997 1662 1065 1713 acta
1079 1655 1235 1714 Arvalium
1257 1655 1327 1713 anni
1344 1654 1403 1712 118
1425 1654 1597 1725 ostendunt,
1617 1654 1692 1713 dato

362 1760 390 1818 ei
411 1759 529 1834 collega
544 1758 582 1815 A.
600 1757 734 1814 Platorio
750 1754 877 1831 Nepote.
915 1755 1051 1814 Tertium
1072 1755 1237 1814 nundinum
1253 1754 1345 1815 Gallo
1367 1755 1485 1813 cuidam
1507 1757 1692 1832 assignatur,

362 1861 448 1920 cuius
475 1877 548 1936 gens
576 1876 611 1916 ac
636 1857 752 1935 collega
776 1856 871 1914 fracto
892 1856 994 1932 lapide
1014 1856 1236 1916 interciderunt.
1279 1856 1399 1916 Menses
1422 1856 1556 1934 diesque,
1578 1858 1692 1933 quibus

362 1962 516 2020 Platorius
544 1968 575 2018 et
596 1956 705 2017 Gallus
731 1955 870 2015 eonsules
896 1957 1015 2028 suerint,
1042 1959 1100 2016 etsi
1127 1958 1198 2017 item
1224 1958 1453 2029 interciderunt,
1479 1977 1546 2020 cum
1568 1959 1599 2015 in
1621 1967 1692 2016 acta

361 2063 488 2120 relatum
509 2062 549 2119 sit
568 2057 718 2135 piaculum
740 2058 779 2114 ob
799 2057 974 2117 iulationem
992 2057 1065 2116 t‘erri
1082 2058 1193 2116 factum
1208 2076 1276 2118 esse
1290 2059 1425 2118 Platorio
1440 2060 1574 2130 consule,
1598 2057 1692 2118 Gallo

361 2163 484 2221 consule
508 2161 619 2218 ferrum
642 2159 766 2230 elatum,
795 2176 913 2217 sacrum
934 2166 1033 2216 autem
1056 2160 1094 2217 ob
1115 2159 1225 2217 ferrum
1247 2159 1363 2218 illatum
1385 2179 1488 2219 mense
1509 2160 1620 2219 Martio
1643 2159 1691 2219 vel

361 2261 461 2339 Aprili
487 2260 696 2332 fieri-soleret,
723 2259 814 2318 elatio
833 2259 905 2320 ferri
927 2267 996 2335 post
1016 2277 1128 2337 paucos
1150 2260 1214 2319 dies
1236 2260 1392 2335 subsequi,
1417 2260 1546 2337 denique
1569 2261 1691 2320 tertium

364 2363 525 2422 nundinum
551 2370 620 2420 ante
645 2361 792 2420 kalendas
814 2361 911 2420 Maias
939 2361 1076 2436 coepisse
1101 2369 1244 2438 nequeat,
1271 2362 1447 2420 consulatus
1473 2363 1544 2420 anni
1562 2362 1619 2421 119
1646 2362 1691 2420 bi-

361 2474 487 2525 mestres
513 2463 624 2522 luerint
648 2479 769 2521 necesse
795 2470 907 2520 est-
935 2461 982 2521 De
1009 2479 1088 2521 anno
1105 2460 1164 2520 120
1191 2480 1250 2520 non
1275 2458 1408 2520 constat:
1436 2463 1487 2538 qui
1513 2464 1591 2521 enim
1620 2473 1692 2522 ante

361 2567 440 2625 diem
455 2566 498 2624 Vl
519 2563 666 2623 kalendas
690 2563 794 2622 Iunias
820 2564 997 2639 magistratu
1021 2562 1222 2639 fungebantur
1244 2560 1279 2622 C.
1301 2562 1455 2622 Poblicius
1477 2564 1639 2623 Marcellus
1662 2575 1694 2624 et

361 2668 398 2726 T.
422 2666 554 2725 Rutilius
576 2663 781 2741 Propinquus,
804 2663 924 2740 quando
945 2664 1105 2723 ordinariis
1127 2663 1162 2721 L.
1186 2661 1295 2723 Catilio
1316 2662 1430 2724 Severo
1451 2673 1482 2722 ct
1503 2665 1539 2722 Τ.
1563 2667 1691 2724 Aurelio

361 2768 459 2829 Fulvo
482 2765 691 2835 successerint,
711 2765 875 2841 ignoratur.
891 2796 929 2806 -
956 2765 1046 2823 Auno
1064 2763 1119 2822 121
1144 2762 1327 2823 ordinarium
1349 2765 1538 2824 consulatum
1559 2768 1693 2826 inierunt

361 2871 402 2929 M.
419 2869 535 2926 Annius
546 2865 645 2926 Verus
656 2866 687 2924 II
701 2873 732 2924 et
745 2865 847 2923 neseio
861 2865 913 2940 qui
928 2865 1042 2942 Augur.
1079 2864 1138 2923 Die
1153 2872 1251 2924 autem
1262 2864 1322 2923 VII
1337 2865 1405 2924 idus
1421 2867 1542 2944 Apriles
1556 2867 1691 2941 Faustus

361 2970 481 3045 quidam
504 2976 535 3026 et
555 2966 593 3040 Q.
616 2966 802 3042 Pomponius
824 2965 984 3024 Marcellus
1006 2966 1103 3025 fasces
1125 2966 1276 3043 gerebant,
1299 2967 1407 3042 quibus
1428 2966 1488 3050 die,
1509 2977 1542 3026 ut
1562 2968 1692 3042 videtur,

363 3069 391 3126 V
408 3069 475 3127 idus
491 3068 588 3126 Maias
610 3068 670 3124 iam
691 3065 727 3124 L.
742 3066 930 3143 Pomponius
944 3067 1134 3125 Antistianus
1157 3076 1187 3125 et
1207 3066 1243 3126 L.
1257 3066 1443 3144 Pomponius
1460 3065 1601 3128 Silvanus
1624 3088 1693 3129 suc-

362 3175 526 3228 cesserant:
539 3187 541 3191 *
555 3187 624 3226 nam
650 3186 717 3226 cum
738 3167 787 3225 hic
808 3184 927 3244 quoque
949 3167 985 3225 de
1006 3168 1086 3226 ferro
1107 3167 1200 3227 inlato
1222 3175 1252 3226 et
1272 3168 1352 3228 elato
1374 3186 1473 3227 sermo
1495 3169 1548 3240 sit,
1576 3172 1691 3231 mensis

362 3289 469 3329 nornen
492 3267 572 3345 quod
594 3267 682 3344 periit
702 3267 789 3326 aliter
809 3268 943 3346 suppleri
965 3286 1025 3327 non
1047 3275 1154 3344 potest.
1188 3267 1274 3344 Quae
1288 3288 1356 3328 cum
1370 3269 1414 3328 ita
1428 3270 1498 3340 sint,
1519 3288 1598 3328 anno
1614 3290 1690 3347 quo·

361 3390 421 3448 quc
446 3370 500 3428 121
524 3370 682 3428 bimestres
704 3369 879 3428 consulatus
900 3370 1030 3428 fuerunt.
1075 3368 1211 3446 Denique
1233 3369 1372 3428 similiter
1392 3389 1470 3427 anuo
1489 3370 1547 3429 130
1570 3368 1608 3443 Q.
1630 3371 1689 3429 Fa-

361 3473 428 3531 bius
456 3469 625 3530 Catullinus
653 3479 683 3528 et
710 3471 751 3529 M.
772 3469 895 3529 Flavius
916 3471 1000 3546 Aper
1027 3470 1166 3528 consules
1195 3471 1338 3529 ordinarii
1362 3471 1410 3529 die
1426 3469 1519 3529 VIIII
1542 3471 1691 3539 kalendas

362 3570 535 3648 M(artiasi)
557 3570 656 3630 adhuc
677 3589 800 3630 munere
819 3571 990 3648 funguutur,
1012 3571 1059 3629 die
1073 3570 1168 3629 XIIII
1187 3569 1341 3643 kalendas,
1362 3577 1395 3629 ut
1415 3571 1542 3644 videtur,
1564 3573 1690 3649 Apriles

362 3674 500 3750 Agrippa
519 3671 639 3746 quidam
664 3679 695 3730 et
716 3669 880 3744 Quartinus
901 3672 1041 3730 consules
1056 3671 1231 3749 ,signantur3
1253 3691 1322 3733 nam
1343 3671 1496 3748 piaculum
1517 3672 1556 3731 ob
1576 3673 1690 3732 ferrum

360 3776 486 3833 inlatum
509 3772 606 3847 magis
627 3771 781 3848 probabile
795 3772 966 3830 estfactum
981 3789 1049 3830 esse
1063 3790 1164 3834 mense
1179 3773 1344 3830 Februario
1359 3790 1447 3848 quam
1463 3791 1566 3833 mense
1580 3774 1690 3850 Aprili.

362 3873 430 3932 Hoc
451 3873 504 3949 qui
526 3871 686 3947 praeferat,
707 3872 735 3930 ei
757 3871 947 3931 statuendum
967 3880 1015 3931 est
1035 3871 1175 3930 suffectos
1197 3871 1289 3930 inisse
1309 3872 1448 3931 kalendis
1464 3873 1553 3932 MaiIs
1567 3882 1597 3931 et
1610 3891 1689 3930 uun·

362 3973 433 4031 dina
454 3992 493 4037 eo,
512 3989 591 4030 anno
612 3971 707 4031 luisse
728 3971 965 4048 quadrimestria.

443 4056 634 4148 Quamquam
655 4074 698 4131 ita
718 4073 749 4131 in
770 4073 857 4131 binos
871 4073 1176 4150 plerumquemenses
1191 4073 1247 4129 sub
1262 4071 1415 4133 Hadriano
1430 4075 1528 4134 fasces
1542 4072 1603 4132 dati
1618 4091 1689 4133 esse

361 4173 509 4246 videntur,
531 4181 629 4232 tamen
652 4193 688 4233 ne
710 4193 746 4233 ea
761 4173 880 4249 quidem
895 4183 992 4242 aetate
1005 4173 1114 4231 desunt
1127 4171 1344 4246 consulatuum,
1367 4175 1392 4232 si
1407 4193 1466 4232 non
1482 4175 1688 4245 trimestrium,

360 4281 440 4334 certe
461 4274 723 4352 quadrimestrium
739 4276 887 4353 exempla
923 4276 1012 4333 Anno
1030 4271 1087 4332 129
1110 4271 1277 4333 ordinarios
1290 4274 1388 4334 fasces
1404 4283 1560 4350 gesserunt
1573 4273 1609 4332 L.
1625 4273 1690 4334 Ne·

360 4377 454 4435 ratius
475 4375 636 4435 Marcellus
649 4376 680 4433 11
701 4385 731 4435 et
751 4375 787 4434 P.
809 4374 964 4433 Iuventius
979 4372 1089 4433 Celsus
1104 4372 1147 4444 Il,
1167 4372 1212 4431 illi
1233 4380 1304 4449 post
1324 4391 1436 4450 paucos
1449 4374 1522 4432 dies
1544 4374 1689 4434 suffectus

361 4485 408 4535 est
430 4475 467 4549 Q.
490 4477 586 4539 Iulius
607 4475 730 4534 Balbus.
773 4471 883 4533 Celsus
904 4483 934 4533 et
958 4472 1072 4532 Balbus
1093 4490 1160 4531 cum
1185 4471 1288 4530 diebus
1310 4473 1375 4532 XII
1396 4473 1540 4533 kalendas
1562 4475 1691 4533 Martias

440 4720 462 4782 ¹)
491 4720 639 4772 Hadrianus
652 4721 680 4774 11
698 4723 788 4774 consul
806 4723 884 4773 etiam
903 4737 962 4774 curn
981 4721 1080 4784 collega
1090 4718 1190 4782 Libone
1209 4718 1371 4783 coniungitur
1388 4720 1416 4769 in
1429 4720 1503 4790 titulo
1516 4735 1595 4784 supra
1607 4721 1689 4771 citato

362 4810 407 4861 Or.
426 4812 533 4863 Hsnzen
551 4813 623 4864 6774
642 4832 675 4855 =
689 4815 743 4875 VI,
763 4814 824 4874 207,
850 4813 894 4862 ubi
917 4819 976 4877 post
994 4822 1082 4859 vocem
1102 4807 1216 4858 Traiano
1239 4807 1376 4860 inserenda
1399 4818 1438 4859 est
1459 4809 1547 4860 littera
1569 4812 1595 4861 Η
1606 4845 1689 4862 .....

361 4907 466 4951 auctore
484 4902 660 4952 Melchiorrio.
697 4902 783 4964 Quare
806 4909 851 4952 aut
868 4901 1010 4955 Salinatori
1032 4898 1151 4949 kalendis
1168 4897 1302 4962 Aprilibus
1322 4900 1442 4968 suffectus
1460 4908 1498 4950 est
1516 4901 1598 4963 Libo,
1625 4901 1688 4953 huic

361 4989 471 5040 sortasse
490 4999 572 5040 morte
590 5000 727 5056 praerepto
740 4992 894 5055 Quadratum,
914 4997 959 5041 aut
977 4989 1123 5040 Hadrianus
1141 5002 1188 5052 per
1206 4989 1255 5039 tria
1273 4991 1390 5041 nundina
1407 4990 1489 5041 fasces
1507 4992 1596 5043 tenuit.
1629 4992 1688 5056 Ego

362 5075 433 5125 illam
453 5081 625 5132 coniecturam
645 5083 726 5146 magis
746 5082 885 5147 probarim.
