3480 5804
499 484 796 540 onsnnvanmnns
813 486 932 539 nurus.
951 486 1015 538 vn.
1350 469 1420 540 139

93 657 168 715 toris
189 655 229 713 ad
250 655 457 731 corrigendum
480 664 590 714 statum
611 656 777 716 civitatium
797 657 957 716 liberarum
980 677 999 715 a
1016 657 1202 733 proconsulis
1217 658 1343 734 imperio
1357 659 1423 736 lege

92 763 313 834 exemptarum,
333 755 377 814 ita
398 756 437 814 ad
458 757 666 833 corrigendum
688 765 799 817 statum
816 758 933 829 Italiae,
955 776 1032 834 qnae
1053 764 1083 816 et
1103 759 1172 834 ipsa
1192 759 1325 836 praesidi
1346 760 1422 818 nulli

92 839 223 936 pareret,
247 864 328 915 certe
348 857 418 915 inde
439 876 459 915 a
480 856 641 917 Caracalla
661 859 854 935 magistratus
876 858 995 935 quidem
1017 858 1109 916 creati
1131 875 1209 930 esse,
1230 860 1315 918 initio
1336 867 1424 920 extra

93 958 227 1017 ordinem
253 958 318 1017 sine
342 957 435 1015 dubio
462 968 493 1017 et
519 969 552 1017 ut
577 968 659 1019 certo
687 960 807 1018 nomine
834 970 981 1031 carerent,
1008 958 1115 1017 deinde
1142 961 1278 1018 translati
1302 962 1334 1019 in
1360 980 1423 1019 ma-

93 1059 238 1137 gistratus
264 1057 486 1135 quodammodo
515 1060 658 1119 ordinarii
686 1067 717 1119 et
744 1060 869 1138 legitimi
895 1061 1021 1119 formam
1045 1061 1222 1119 correctoris
1246 1061 1361 1120 Italiae.
1383 1095 1421 1106 —

93 1160 236 1218 Proxime
269 1166 370 1218 autem
397 1167 428 1218 et
455 1166 589 1236 ternpore
618 1168 648 1219 et
673 1181 706 1220 rc
733 1162 772 1220 ad
800 1161 831 1219 id
859 1161 896 1219 de
924 1180 985 1236 quo
1013 1160 1129 1237 agimus
1157 1158 1262 1221 Sabini
1290 1162 1423 1221 officium

93 1260 211 1320 accedit
240 1261 322 1337 quod
353 1260 488 1320 enuntiat
518 1261 625 1321 titulus
656 1281 751 1338 nuper
780 1271 917 1340 repertus
944 1263 1059 1322 Romae
1088 1262 1120 1320 in
1148 1262 1324 1321 coemeterio
1352 1260 1423 1322 Cal·

94 1360 159 1421 M
179 1360 292 1437 Μαι)
622 1449 783 1503 onorio
798 1476 805 1490 ·
819 1449 884 1504 sac
904 1401 932 1503 b

452 1409 963 1733 ssorreuorcnatiup

459 1667 519 1702 ona
561 1650 587 1704 0
620 1651 680 1707 Alc
709 1651 793 1706 ωΡΔ
821 1677 829 1693 ·
857 1651 997 1726 Cl'lugpgw

464 1752 619 1808 Ptdttttc
660 1752 845 1807 ΠΡΟΜΑΓ
880 1753 993 1820 flaverit»

406 1869 418 1908 ι
462 1852 683 1907 ΕΠΑΝΟΡΘ
725 1879 732 1894 ·
771 1852 1018 1907 naettcuat.

461 1954 551 2008 ΚΟΜ
587 1953 748 2007 wasto
777 1980 784 1995 ·
815 1953 900 2006 αΝΘ

464 2055 614 2110 ΠΟΜΠ
658 2081 665 2096 ·
709 2055 899 2117 “Parta

94 2408 172 2467 Eum
193 2409 311 2467 titulum
325 2407 457 2467 Rossins
478 2406 582 2465 tribuit
596 2406 694 2465 Basso
716 2406 832 2466 consuli
846 2407 999 2466 ordinario
1021 2425 1048 2464 a.
1065 2405 1125 2467 258
1150 2414 1180 2466 et
1194 2426 1297 2467 rursus
1319 2429 1346 2466 a.
1363 2409 1420 2467 271

94 2510 299 2586 probabiliter.
346 2508 426 2568 Nam
457 2509 587 2584 primum
617 2508 696 2566 inter
728 2507 867 2566 consules
899 2507 1069 2566 ordinarios
1096 2508 1212 2568 Bassos
1240 2509 1340 2567 nullus
1367 2517 1423 2581 est,

95 2610 143 2670 cui
170 2611 288 2670 iteratio
309 2609 485 2669 consulatus
509 2609 680 2682 conveniat,
706 2617 825 2685 praeter
847 2627 930 2682 eum,
958 2609 1010 2686 qni
1032 2629 1059 2668 a.
1075 2608 1133 2667 271
1157 2609 1255 2668 fasces
1277 2607 1422 2688 gessitt).

96 2711 214 2770 Deinde
239 2731 304 2771 cum
331 2711 456 2787 reliquis
477 2709 584 2769 Bessis
611 2709 678 2768 aliis
705 2709 766 2767 ulia
791 2709 913 2767 nomina
939 2710 1034 2769 fuisse
1056 2712 1240 2786 argumentis
1261 2720 1313 2769 aut
1334 2709 1423 2768 certis

95 2819 148 2870 aut
168 2812 275 2871 saltem
297 2811 501 2889 probabilibus
523 2810 654 2870 Rossius
675 2810 896 2883 demonstrarit,
922 2811 996 2869 solis
1017 2811 1055 2868 iis
1076 2811 1128 2886 qui
1150 2811 1246 2869 fasces
1268 2817 1425 2887 gesserunt

95 2933 122 2972 a.
138 2912 198 2972 258
213 2923 244 2972 et
258 2912 316 2972 271
341 2920 456 2971 tantum
477 2913 571 2983 abest,
593 2919 627 2971 ut
640 2911 875 2989 Pomponiorum
890 2931 999 2971 nomen
1012 2912 1142 2970 tribuere
1157 2911 1316 2989 quicquam
1331 2912 1423 2986 impe·

87 3006 170 3087 diat,
198 3022 231 3072 ut
255 3014 324 3073 huic
350 3012 461 3072 dudum
488 3013 518 3071 id
545 3013 762 3089 adscripserint
786 3014 933 3072 fastorum
954 3013 1141 3072 ordinatores
1162 3023 1323 3090 propterea
1342 3012 1424 3089 quod

95 3118 261 3195 imperante
283 3112 411 3176 Claudio
437 3133 465 3173 a.
480 3112 542 3172 270
567 3114 754 3190 Pomponius
776 3113 892 3173 Bassus
919 3114 1048 3190 primum
1073 3114 1104 3172 in
1131 3122 1238 3173 senatu
1260 3115 1358 3172 locum
1380 3121 1423 3171 te-

95 3216 198 3277 nuisse
218 3216 324 3276 dicitur
337 3216 369 3274 in
383 3216 515 3297 epitoma
528 3215 659 3274 Victoris
681 3215 720 3291 (c.
737 3215 786 3286 34,
802 3217 834 3287 33
858 3214 895 3274 cf.
911 3214 1017 3274 Victor
1031 3213 1120 3274 Caes.
1137 3214 1188 3285 34,
1203 3215 1248 3290 3).
1284 3214 1423 3289 Denique

96 3316 239 3394 splendor
265 3316 425 3389 natalium,
451 3335 539 3393 quern
561 3315 715 3393 praedicat
735 3316 840 3373 titulus
862 3333 955 3391 supra
974 3316 1102 3388 relatus,
1131 3317 1162 3373 in
1183 3333 1250 3373 eum
1272 3314 1423 3371 hominem

95 3420 208 3496 optime
233 3418 373 3494 quadrat,
399 3417 509 3495 qnippe
535 3434 623 3491 quem
650 3415 724 3473 satis
750 3424 867 3473 constet
891 3415 1074 3474 descendere
1095 3434 1115 3472 a
1135 3414 1303 3491 Pomponio
1324 3413 1423 3472 Basso

94 3519 252 3579 interfecto
273 3519 311 3577 ab
332 3515 499 3595 Elagabalo
521 3515 596 3592 (Dio
613 3515 670 3588 745
686 3515 720 3590 5)
742 3525 773 3573 et
795 3515 839 3574 sic
858 3532 954 3591 genus
976 3515 1129 3574 rettulisse
1149 3513 1187 3572 ad
1208 3514 1309 3590 ipsum
1331 3513 1423 3590 impe·

95 3628 225 3680 ratonem
246 3619 390 3678 Marcum.
410 3650 452 3662 -—
478 3617 589 3678 Obstat
614 3626 714 3676 tamen
734 3617 952 3694 praefectomm
974 3615 1056 3674 urbis
1079 3615 1254 3686 laterculus,
1283 3615 1430 3690 quicum.

95 3723 134 3781 ab
156 3740 183 3779 a.
200 3720 261 3781 254
281 3720 320 3778 ad
341 3739 369 3779 a.
385 3718 446 3778 354
468 3718 635 3797 perveniat,
661 3717 792 3777 Bassum
817 3717 931 3777 nullum
952 3724 1088 3776 recenset
1107 3725 1226 3795 praeter
1247 3712 1423 3792 Septimium

95 3841 124 3882 a.
139 3822 210 3881 317.
226 3821 286 3881 318
308 3827 389 3881 certe
410 3821 469 3880 huc
484 3839 544 3880 non
558 3821 754 3897 pertinentem
760 3840 769 3892 3
792 3837 848 3879 nec
861 3819 949 3878 facile
961 3818 1177 3878 admittendum
1191 3824 1239 3877 est
1252 3836 1320 3875 eum
1335 3816 1422 3876 later·

95 3923 196 3982 culum
216 3921 348 3982 hiatibus
368 3921 516 3994 laborare,
537 3939 604 3980 cnm
625 3922 734 3980 iustam
756 3921 963 3980 anctoritatem
985 3921 1043 3979 sibi
1059 3920 1190 3980 vindicet
1210 3936 1305 3994 neque
1326 3917 1424 3976 adhuc

95 4023 177 4100 qnod
198 4023 291 4082 sciam
313 4022 351 4081 de
370 4021 434 4081 ullo
455 4023 605 4100 praesecto
626 4031 742 4081 constet
763 4022 794 4080 in
815 4039 852 4080 co
873 4021 1094 4097 praetermisso.
1136 4019 1343 4079 Nihilominus
1364 4037 1424 4075 non

95 4124 214 4201 reperio
241 4141 301 4201 qno
329 4131 484 4200 praeterea
511 4123 775 4202 confugiamust),
801 4141 857 4181 uec
879 4121 997 4181 videtur
1022 4121 1193 4198 repperisse
1218 4119 1361 4190 Rossius,
1386 4117 1424 4175 de
1485 4190 1487 4197 .

173 4372 197 4435 ¹)
224 4374 281 4424 Iob.
304 4374 380 4439 Bapt.
404 4373 512 4426 liossius
536 4375 638 4424 titulum
663 4373 744 4424 edidit
767 4373 839 4438 ligno
863 4385 1013 4436 expressum
1037 4368 1118 4420 Romu
1139 4376 1296 4420 sotterraoeu
1319 4371 1349 4429 2,
1370 4368 1423 4417 282

95 4465 203 4516 adiectis
220 4465 403 4530 supplementis
422 4467 503 4530 perite
521 4465 606 4527 factis,
626 4479 692 4530 qnae
709 4465 814 4526 retinui3
835 4462 958 4528 explicuit
971 4461 1039 4511 idem
1053 4458 1188 4513 Bullettiao
1201 4460 1323 4511 cristiano
1342 4472 1392 4508 ser.
1406 4459 1422 4508 2

96 4559 151 4607 &2
185 4557 252 4606 1871
303 4558 369 4607 Ab.

172 4555 198 4708 ξ)
225 4555 265 4698 Εἰ)
282 4572 416 4698 riumernm
435 4649 463 4700 11
485 4646 633 4698 adscribunt
656 4653 682 4695 et
704 4646 764 4696 lasti
789 4662 813 4711 q.
834 4645 859 4696 d.
879 4643 1023 4695 Florentini
1046 4643 1157 4694 maiores
1181 4640 1216 4703 (v.
1235 4639 1368 4695 Rolaudus
1390 4637 1424 4688 ad

97 4738 124 4788 h.
143 4736 179 4798 a.)
198 4746 225 4788 et
242 4737 332 4788 titulus
351 4738 647 4790 ore11.1sse==1.rt.
668 4737 749 4788 5473.

173 4824 198 4889 ⁸)
225 4828 348 4880 Fortasse
366 4831 423 4895 quis
441 4830 537 4880 disent
555 4828 694 4892 Pomponii
712 4827 786 4878 Bassi
806 4827 911 4877 nomina
930 4828 957 4875 in
975 4825 1050 4876 titulo
1070 4825 1170 4877 Graeco
1188 4820 1343 4873 secundaria
1360 4834 1423 4881 este,

96 4919 220 4983 primaria
243 4921 371 4971 interiisse
396 4923 448 4971 v.l
470 4928 535 4970 extr.
555 4926 581 4969 et
599 4921 615 4969 2
635 4919 726 4983 incip,
752 4918 865 4982 exempli
889 4932 966 4967 cansa
989 4917 1065 4967 Innio
1090 4914 1245 4976 Tiberiano,
1268 4912 1314 4978 qui
1335 4909 1425 4962 consul

88 5009 146 5058 *fuit
164 5011 311 5061 ordinarius
334 5026 358 5062 a.
373 5013 424 5063 231
444 5019 469 5061 et
486 5012 552 5072 221,
577 5009 720 5074 praefectus
738 5008 796 5058 urbi
815 5023 838 5058 a.
853 5009 904 5058 292
925 5014 951 5056 et
970 5008 1035 5068 303,
1062 5007 1167 5056 uomina
1188 5005 1269 5055 luisse
1287 5000 1424 5067 Pomponii

96 5100 172 5151 Bttssi
189 5101 257 5152 Iunii
277 5102 419 5154 Tiberiani.
451 5103 504 5156 Sed
522 5101 655 5167 temptanti
675 5100 739 5151 milri
757 5100 818 5150 talia
836 5099 903 5149 inter
921 5113 1016 5163 paucos
1036 5113 1093 5159 eos,
1114 5097 1157 5162 qui
1176 5095 1337 5148 consulatum
1355 5090 1423 5143 ordl-
