3480 5804
316 479 389 551 296
886 494 1068 547 mommsen

315 670 428 741 liceret,
450 674 571 726 senatus
592 683 656 724 eam
679 683 743 723 rem
764 664 898 742 ampliat,
918 665 1013 724 donec
1034 665 1070 723 de
1092 683 1129 723 ea
1149 685 1182 723 re
1204 664 1239 724 C.
1261 664 1433 724 Lucretium
1456 666 1591 740 audierit,
1613 677 1645 726 ut

318 770 393 828 satis
420 776 565 846 appareat
590 766 717 824 feminas
744 784 813 823 eum
840 766 938 842 ipsum
965 767 997 824 in
1023 766 1163 824 iudicium
1190 775 1348 824 vocaturae
1374 767 1477 826 fuisse.
1520 768 1582 827 Res
1607 767 1645 827 de

317 889 378 947 qua
400 878 563 946 queruntur
585 866 731 926 Thisbaei
752 884 932 942 quamquam
953 866 1056 942 ignota
1076 876 1137 937 est,
1164 867 1196 924 in
1223 868 1392 925 universum
1416 886 1477 944 quo
1498 869 1648 945 pertineat

317 972 393 1032 satis
416 969 603 1048 perspicitur.
646 967 696 1026 De
717 966 859 1025 Lucretio
881 984 959 1042 quae
980 966 1127 1043 Polybius
1147 965 1314 1043 Liviusque
1335 979 1548 1044 exposuerunt,
1574 980 1646 1029 tem·

212 1075 215 1080 ’
316 1089 423 1151 porum
444 1070 554 1129 iniuria
574 1069 740 1145 perierunt;
766 1066 818 1126 sed
840 1085 986 1126 summam
1008 1086 1070 1125 rem
1092 1068 1140 1126 hic
1162 1069 1385 1144 comprehendit
1406 1071 1506 1128 verbis
1526 1071 1573 1129 his
1595 1071 1647 1139 43,

317 1176 351 1231 4:
380 1173 481 1231 lenitas
499 1174 644 1245 macteris
719 1187 750 1226 ea
768 1173 882 1245 qratior
899 1168 979 1245 plebi
994 1168 1184 1245 patribusque
1191 1171 1261 1244 suit,
1285 1188 1340 1245 qao
1355 1171 1499 1230 andeliae
1513 1175 1647 1231 avariae·

317 1292 371 1351 que
396 1276 427 1330 ia
457 1270 581 1330 Graecia
607 1270 741 1328 bellatum
768 1280 795 1328 et
817 1269 854 1328 ab
882 1269 996 1329 consule
1016 1268 1132 1328 Licinio
1157 1279 1184 1327 ct
1208 1269 1244 1327 ab
1272 1268 1405 1330 Lucretio
1422 1282 1556 1348 praetore
1577 1283 1647 1331 crat.

317 1372 485 1432 Lucretiam
506 1370 612 1429 tribuni
629 1370 724 1446 plebis
745 1368 886 1429 absentem
907 1369 1082 1428 cantionibus
1104 1370 1236 1428 adsiduis
1254 1369 1429 1442 lacerabant,
1452 1391 1513 1431 cnm
1533 1377 1575 1431 rei
1592 1392 1648 1449 pa·

318 1475 409 1533 blicae
430 1489 520 1531 caasa
540 1471 639 1529 abesse
665 1481 861 1530 tenuaretur:
888 1471 939 1528 secl
959 1481 1016 1528 tam
1036 1471 1107 1528 adeo
1132 1472 1229 1529 vicina
1250 1475 1336 1529 etiam
1356 1473 1537 1548 inexplorata
1559 1485 1647 1546 mant,

316 1584 350 1633 at
369 1577 396 1632 is
416 1592 447 1632 eo
470 1582 591 1647 tempore
610 1575 641 1628 ia
662 1589 733 1647 apro
754 1589 806 1629 sco
827 1570 943 1629 Antiati
963 1580 1035 1629 esset
1056 1589 1216 1646 aquamque
1238 1589 1271 1630 ea
1291 1574 1433 1631 manubiis
1453 1574 1571 1632 Antium

318 1678 441 1734 ducaet.
482 1673 559 1730 Post
584 1672 646 1730 alia
671 1670 777 1729 deinde
798 1690 823 1729 c.
847 1671 875 1729 7.
899 1670 917 1728 8
944 1680 1065 1730 enarrat
1091 1670 1333 1732 Chalcidensium
1356 1674 1393 1732 de
1413 1673 1554 1733 Lucretio
1576 1695 1646 1751 que·

316 1775 477 1845 rimonias,
503 1773 534 1831 in
556 1772 604 1831 his
625 1771 730 1848 templa
752 1771 879 1830 omnibus
899 1776 1070 1831 ornamentis
1091 1773 1226 1849 speltata,
1253 1775 1459 1850 compilataque
1486 1775 1645 1851 sacrileqiis
1721 1790 1723 1793 ’

319 1876 351 1936 C.
374 1876 540 1933 Lucretium
560 1872 681 1931 navibus
703 1870 822 1930 Aetium
843 1873 996 1945 amerinae,
1025 1874 1114 1931 libera
1136 1891 1260 1948 corpora
1281 1877 1311 1930 ia
1333 1879 1492 1934 sersitatem
1513 1877 1644 1952 abrepta,

312 1977 451 2052 satanas
473 1977 613 2032 semorum
632 1972 738 2048 pepuli
758 1973 881 2031 Romani
907 1975 1021 2050 direpta
1048 1991 1107 2031 esse
1204 1972 1358 2033 Accersere
1383 1979 1413 2033 in
1435 1986 1562 2034 amatam
1583 1974 1646 2034 La·

317 2080 434 2136 aretiam
453 2074 573 2150 planca,
595 2083 626 2132 at
645 2075 816 2148 disceptaret
828 2091 924 2132 coram
934 2084 1130 2150 parparetqae
1151 2091 1197 2132 sc:
1220 2084 1339 2133 ceterum
1359 2077 1447 2133 multo
1457 2076 1548 2151 plura
1559 2096 1646 2154 prae·

318 2195 382 2237 scas
404 2177 514 2234 audivit
534 2192 619 2250 qaam
640 2177 672 2231 ia
692 2174 834 2233 absentem
853 2177 931 2233 iacta
953 2184 1043 2232 aaut.
1074 2173 1215 2251 Denique
1236 2175 1348 2233 tribuni
1369 2176 1466 2252 plebis
1487 2176 1547 2235 duo
1569 2178 1648 2237 diem

317 2278 345 2336 ei
360 2276 461 2335 dieunt
475 2292 601 2350 eumque
615 2273 746 2350 quinque
761 2283 792 2333 et
805 2274 927 2351 triginta
941 2274 1038 2332 tribus
1053 2291 1158 2334 omnes
1173 2274 1273 2335 decies
1287 2277 1367 2333 aeris
1382 2277 1589 2338 condemnant.
1605 2316 1643 2325 -
1716 2331 1726 2351 ,

316 2379 408 2438 Talia
429 2395 495 2436 enm
518 2374 731 2435 Chalcidenses
752 2375 836 2452 passi
858 2381 969 2444 essent,
991 2383 1226 2435 consentaneum
1248 2384 1296 2434 est
1316 2376 1475 2436 Thisbaeis
1497 2398 1564 2438 eum
1586 2399 1646 2438 nou

316 2480 414 2555 magis
435 2476 622 2555 pepercisse,
648 2475 780 2533 maxime
805 2474 856 2550 qui
883 2483 984 2534 essent
1009 2476 1105 2551 partis
1127 2476 1350 2547 Macedonicam
1378 2496 1447 2536 nam
1468 2479 1531 2538 eius
1552 2481 1646 2556 partis

316 2580 412 2640 fuisse
432 2579 522 2637 credo
537 2577 678 2635 mulieres
698 2575 766 2634 illas
781 2594 847 2634 cum
862 2574 1023 2648 Fouesrto,
1046 2575 1128 2651 quod
1142 2576 1274 2634 Thisbas
1296 2577 1413 2654 regredi
1429 2586 1575 2654 vetantur,
1595 2575 1647 2640 ne'·

317 2699 375 2757 que
389 2681 500 2750 obstat,
514 2677 593 2754 quod
605 2675 748 2735 Thisbaei
763 2677 814 2752 qni
828 2677 860 2734 in
874 2675 932 2734 lide
943 2686 1118 2736 manserunt
1132 2694 1253 2735 causam
1268 2695 1370 2746 earum
1384 2678 1416 2735 in
1427 2687 1532 2739 senatu
1546 2691 1648 2759 agunt,

318 2801 386 2840 eum
400 2760 577 2857 praesertim
592 2776 732 2836 mulieres
747 2776 815 2835 sint.
851 2777 980 2835 Praetor
1000 2776 1186 2854 intellegitur
1206 2778 1327 2835 omnino
1349 2779 1424 2836 inter
1445 2780 1526 2840 cives
1548 2792 1578 2840 et
1598 2801 1649 2858 pe·

317 2876 506 2958 regrin0s¹);
540 2896 610 2936 nam
637 2876 800 2936 secundum
826 2876 961 2936 ordinem
987 2877 1164 2936 iudiciorum
1191 2877 1264 2936 civis
1290 2877 1445 2938 Romanus
1471 2899 1506 2938 eo
1534 2892 1650 2942 tantum

319 3002 339 3040 a
360 2981 518 3057 peregrino
545 2978 576 3036 in
603 2979 651 3036 ius
673 2977 777 3036 vocari
798 2975 939 3054 potnit).
982 2970 1051 3047 Δίκη
1074 2969 1187 3060 ὕβρεως
1209 2975 1326 3037 Graece
1348 2980 1493 3037 vocabulo
1514 2982 1649 3058 legitimo

319 3081 358 3139 ad
372 3081 540 3138 Romanum
562 3094 708 3153 expresso
731 3079 809 3135 actio
831 3084 878 3136 est
896 3077 1083 3148 iniuriarum,
1104 3095 1164 3135 non
1179 3076 1301 3154 publiea
1314 3087 1420 3155 postea
1440 3079 1558 3138 demum
1581 3066 1649 3161 lege

319 3179 460 3241 Cornelia
472 3179 650 3250 introducta,
673 3177 727 3236 sed
749 3177 959 3253 antiquissima
972 3179 1100 3253 privata,
1121 3195 1198 3253 quae
1219 3177 1309 3237 etiam
1324 3188 1429 3238 eontra
1442 3183 1649 3258 magistratum

318 3279 432 3340 intendi
456 3279 568 3357 potuit,
599 3279 625 3336 si
657 3277 729 3354 quid
754 3277 876 3337 fecisset
903 3296 963 3336 non
993 3278 1059 3336 iure
1084 3279 1292 3354 magistratus,
1334 3281 1388 3338 sed
1418 3281 1489 3339 odio
1519 3285 1649 3360 privato.

318 3381 381 3443 Nec
407 3380 635 3457 maqistratibas,
664 3375 816 3452 Ulpianus
843 3377 885 3435 ait
918 3376 1005 3456 (Dig.
1028 3379 1079 3449 47,
1103 3379 1151 3452 10,
1174 3378 1244 3455 32),
1278 3377 1342 3439 licet
1371 3381 1485 3457 aliquid
1511 3386 1650 3445 iniuriosa

313 3487 434 3561 faccee:
462 3484 489 3539 si
514 3479 585 3556 qaid
609 3481 699 3554 iqitar
715 3495 772 3554 per
797 3479 935 3535 iniuriam
953 3479 1056 3553 fecerit
1076 3482 1264 3554 maqistratas
1285 3481 1331 3539 uel
1350 3486 1436 3556 quasi
1452 3487 1584 3558 pacatus
1604 3489 1651 3545 vel

315 3584 427 3660 fiducia
447 3573 679 3656 aaqtstratnsl),
699 3579 873 3636 iniuriarum
884 3586 981 3652 potest
1002 3582 1153 3637 coaceniri.
1190 3581 1241 3638 red
1260 3591 1354 3639 atram
1364 3586 1460 3657 posita
1480 3589 1652 3661 maqistrcts

400 3921 424 3983 ¹)
448 3921 536 3984 Ipsum
550 3919 697 3969 Lucretium
717 3919 843 3984 intellegit
854 3919 997 3970 Foucartns
1015 3932 1159 3984 perperam,
1177 3911 1275 3970 ‘conus
1291 3915 1444 3985 praetorsm’
1461 3931 1562 3978 uertens
1581 3930 1651 3995 quod

323 4011 388 4062 uerti
407 4011 496 4060 debuit
511 4002 591 4075 ‘apud
609 4002 683 4059 enm’.

399 4098 424 4163 ²)
448 4100 553 4152 Scilicet
570 4114 702 4150 versamur
719 4098 747 4149 in
766 4100 797 4149 iis
817 4098 988 4164 temporibus,
1013 4099 1106 4165 quibus
1123 4100 1237 4151 nominis
1255 4100 1388 4152 deierandi
1406 4104 1508 4168 privato
1527 4108 1567 4158 ius
1586 4125 1651 4161 non·

324 4192 386 4243 dum
406 4198 461 4242 erat
484 4205 567 4255 neque
591 4197 663 4240 crant
682 4190 844 4255 quaestiones
862 4191 1027 4256 priuataeque
1045 4192 1220 4242 accusationes
1238 4193 1314 4244 ullae.
1352 4193 1421 4246 Sane
1439 4196 1472 4246 de
1490 4198 1537 4247 tali
1556 4199 1653 4251 delicto

322 4284 402 4335 stiam
420 4281 551 4347 publicum
568 4279 692 4329 iudicium
710 4280 768 4330 lieri
786 4286 901 4344 poteret,
925 4288 955 4331 ut
971 4288 1077 4345 propter
1095 4282 1191 4332 similes
1210 4283 1317 4334 iniurias
1336 4283 1548 4338 Chalcidensibus
1566 4291 1652 4343 illatas

323 4373 354 4426 G.
368 4373 501 4424 Lucretius
514 4384 560 4435 per
572 4370 688 4420 tribunos
700 4369 783 4434 plebis
795 4371 928 4436 plebisque
941 4372 1078 4422 concilium
1090 4373 1214 4421 multatus
1232 4379 1283 4434 est;
1302 4379 1329 4423 et
1347 4375 1474 4426 eiusmodi
1486 4379 1610 4431 iudicium
1623 4391 1654 4433 nt

322 4471 429 4528 propter
452 4463 580 4526 privatum
606 4461 662 4510 fleri
685 4466 801 4524 poterat,
826 4461 863 4511 ita
887 4475 941 4512 non
964 4474 1012 4526 per
1029 4462 1169 4526 priuatum,
1193 4475 1276 4527 nsque
1299 4463 1333 4513 ad
1355 4465 1383 4514 id
1401 4471 1652 4524 sanatusconsultum

322 4554 442 4619 pertinet.

400 4640 426 4703 ⁸)
450 4642 482 4693 ld
496 4658 546 4706 quo
559 4642 700 4706 perveniat,
721 4641 817 4705 optime
834 4640 995 4691 demonstret
1011 4641 1081 4692 idem
1098 4648 1188 4692 auctor
1199 4640 1260 4707 Dig.
1274 4643 1300 4704 9,
1315 4645 1341 4704 2,
1355 4645 1398 4706 29,
1414 4646 1439 4706 t,
1458 4646 1503 4696 ubi
1522 4652 1654 4704 actionem

323 4750 356 4785 ex
375 4736 432 4798 lege
445 4733 552 4798 Aquilia
572 4731 617 4783 dat
635 4731 713 4781 etiam
733 4739 824 4781 conus
840 4733 1025 4796 magistratuum,
1046 4733 1090 4796 qui
1109 4732 1202 4796 pignus
1215 4734 1311 4796 ceperit
1328 4748 1382 4784 non
1400 4735 1512 4799 exlege,
1533 4744 1654 4801 quamvis

322 4826 431 4889 exlege
450 4838 477 4874 se
497 4837 589 4889 capere
608 4821 713 4887 putarit.
744 4822 850 4874 Scilicet
867 4836 900 4872 ea
918 4823 986 4872 aetio
1005 4822 1105 4887 eulpam
1120 4828 1218 4872 tantum
1237 4823 1351 4886 requirit.
1389 4823 1474 4885 Qnsre
1493 4840 1652 4893 quamquam

322 4929 386 4980 qaae
409 4915 464 4964 iare
478 4903 614 4981 potestatis
631 4929 649 4962 a
666 4912 817 4978 maqmtratu
829 4910 903 4977 fiant,
927 4910 963 4962 ad
980 4913 1131 4962 iniuriarum
1149 4913 1270 4963 cononem
1291 4926 1341 4960 aaa
1359 4913 1487 4978 pertineat
1510 4913 1584 4981 (Dig.
1604 4924 1652 4986 47,

323 5006 368 5065 10,
390 5005 433 5065 13,
453 5004 490 5066 6),
510 5007 532 5055 si
551 5005 613 5069 quid
625 5004 787 5069 magistratus
805 5003 849 5067 qui
867 5001 918 5051 tuit
934 5004 963 5053 in
981 5004 1133 5067 magistratu
1150 5010 1239 5054 conns
1256 5002 1296 5050 lus
1309 5001 1369 5050 dolo
1388 5001 1457 5051 malo
1476 5002 1568 5057 iecisse
1588 5027 1652 5064 con.

321 5092 441 5155 vincitur,
461 5109 616 5160 quamquam
634 5094 696 5146 fecit
714 5107 763 5159 pro
780 5092 940 5158 magunum,
958 5093 1111 5143 iniuriarum
1130 5093 1313 5144 condemnetur
1329 5104 1432 5142 neeesse
1451 5100 1496 5144 est.
