3480 5804
312 470 385 540 202
862 480 1089 543 usnot'ann'r

311 592 331 599 -
346 590 398 597 -·--
404 584 719 597 ——--.-———--··

310 677 382 717 vero
408 658 557 716 flaminica
579 665 723 733 perpetua
744 655 823 712 lucta
844 663 891 713 est
912 654 1098 725 Tarracone,
1125 661 1284 730 postquam
1306 653 1448 730 deinceps
1468 653 1530 713 tuit
1552 652 1653 712 flami·

310 762 378 819 nica
399 778 429 835 p.
452 758 491 817 H.
508 756 555 830 0.,
578 756 797 827 Osicerdensis,
820 754 1109 833 Caesaraugustann.
1133 753 1184 814 Sic
1206 754 1326 830 saepius
1348 754 1548 831 distinguitur
1570 756 1654 814 iuter

312 859 483 920 flamonium
506 858 676 936 provinciae
698 867 727 916 ct
747 856 919 915 flamonium
942 864 1117 933 perpetuum
1139 855 1302 932 municipii,
1324 873 1373 913 ex.
1395 874 1421 914 c.

354 979 383 1020 n.
401 959 450 1018 32.
493 962 558 1017 Ioci
579 978 605 1016 o.
626 978 663 1016 m.
680 958 792 1017 Flauia
814 957 852 1017 L.
867 962 896 1034 f.
914 958 1020 1034 Rufina
1035 957 1224 1015 Emeritensis
1238 958 1388 1031 flaminica
1405 959 1538 1034 provinc.
1555 955 1653 1015 Issai-

395 1065 500 1131 taniae‚
522 1064 586 1120 item
608 1059 762 1135 col(oniae)
785 1059 969 1117 Emeritensis
990 1068 1128 1134 perpetua
1149 1067 1175 1116 et
1196 1062 1332 1135 ruunicipi
1353 1056 1503 1118 Salacien.
1526 1059 1556 1116 d.
1582 1059 1614 1115 d.

353 1186 381 1221 n.
397 1162 488 1222 4211.
533 1162 567 1220 P.
589 1160 630 1220 H.
654 1181 677 1221 c.
701 1160 738 1218 L.
761 1160 890 1218 Domitio
913 1160 954 1219 tt.
971 1163 1000 1235 s.
1024 1159 1108 1236 Serp.
1125 1159 1306 1217 Dentoniauo
1328 1159 1413 1217 iudic.
1435 1160 1495 1218 dec.
1513 1159 1549 1218 V.
1575 1176 1650 1235 equo

390 1264 518 1341 prullico.
543 1281 606 1338 per.
633 1262 750 1320 Traian.
779 1262 871 1319 Heir.
898 1266 999 1321 munic.
1026 1258 1331 1335 Consabnron(ensis),
1352 1259 1495 1336 sternito)
1519 1270 1649 1337 perpet,

394 1398 433 1409 -
455 1397 497 1407 —
520 1396 557 1406 —
573 1363 716 1439 flan(ini)
735 1361 928 1439 p(rooinciae)
949 1362 990 1421 H.
1013 1380 1037 1421 c.

312 1479 345 1524 ut
365 1466 414 1523 uel
441 1485 479 1523 ex
507 1465 564 1523 bac
591 1464 778 1522 distinctione
804 1464 1005 1538 intellegatur,
1034 1463 1208 1539 provinciae
1235 1461 1434 1521 sacerdotium
1459 1478 1522 1520 non
1548 1461 1649 1522 fuisse

309 1576 496 1643 perpetuum.

394 1668 545 1737 Alterum,
567 1667 597 1724 in
619 1683 679 1742 quo
698 1665 845 1725 erravisse
860 1665 933 1724 mihi
949 1664 1065 1723 videtur
1079 1663 1270 1735 Huebnerus,
1292 1663 1368 1723 illud
1382 1670 1438 1736 est,
1460 1664 1552 1741 quod,
1574 1681 1648 1724 cum

310 1769 501 1826 observasset
522 1785 575 1825 eos
596 1767 769 1843 provinciae
791 1767 973 1838 sacerdotes,
999 1784 1126 1841 quorum
1149 1765 1229 1823 tituli
1250 1773 1380 1839 exstant,
1402 1784 1419 1823 a
1440 1764 1648 1843 quadraginta

311 1869 373 1926 iere
394 1867 563 1925 civitatibus
585 1866 758 1943 provinciae
779 1867 921 1925 oriundos
943 1883 1021 1937 esse,
1044 1884 1129 1924 suum
1152 1883 1303 1942 quamque
1323 1867 1474 1926 civitatem
1489 1865 1646 1926 flaminem

311 1969 347 2026 ad
371 1967 529 2026 concilium
552 1966 709 2042 delegasse
731 1968 844 2038 statuit,
866 1983 978 2042 eosque
1000 1967 1135 2026 flaminea
1158 1975 1300 2043 tauquam
1314 1967 1465 2042 quoddam
1480 1967 1645 2044 collegium

311 2068 447 2126 effecisse
475 2066 622 2142 (Hermes
648 2070 661 2123 l
691 2086 720 2142 p.
738 2067 930 2142 tls—116).
975 2066 1010 2125 ln
1039 2085 1099 2142 quo
1128 2068 1282 2143 praeteriit
1309 2087 1377 2126 aum
1404 2068 1541 2127 flamines
1565 2088 1646 2128 nun·

309 2187 398 2245 quam
426 2167 584 2243 collegium
606 2167 786 2226 constituere
814 2166 868 2243 (cl.
889 2167 1056 2226 Mommsen
1078 2167 1115 2226 ad
1136 2166 1287 2244 Borghesi
1309 2187 1379 2246 opp.
1393 2169 1423 2241 5,
1438 2166 1529 2245 201),
1554 2188 1644 2246 prae·

308 2277 391 2328 terea
413 2277 523 2339 autem,
546 2269 572 2326 si
595 2284 681 2327 suum
703 2285 839 2345 quaeque
861 2269 967 2327 civitas
988 2269 1019 2326 in
1038 2268 1196 2327 concilium
1210 2268 1360 2328 flaminem
1375 2270 1519 2342 misisset,
1540 2271 1644 2347 ipsam

308 2370 459 2429 civitatem
488 2388 555 2426 eum
584 2377 752 2426 creaturam
780 2369 885 2428 inissa.
934 2370 1029 2444 Atqui
1058 2388 1077 2425 a
1104 2370 1232 2428 concilio
1261 2370 1433 2445 provinciae
1460 2372 1644 2430 creabantur

308 2473 444 2530 llamines
467 2468 577 2545 singuli
600 2467 653 2543 (ll,
671 2467 753 2527 2344
775 2469 822 2529 lic
838 2473 1006 2545 prouinciae
1020 2470 1159 2529 Baeticae
1180 2487 1316 2531 consensu
1328 2473 1459 2546 flaminia
1479 2490 1582 2530 munus
1599 2481 1644 2533 est

308 2570 509 2649 consequutus)
531 2570 612 2644 iique
633 2587 672 2626 ex
695 2569 787 2627 variis
809 2570 991 2641 civitatibus,
1013 2579 1046 2628 ut
1066 2578 1097 2627 et
1117 2570 1239 2629 honoris
1261 2589 1365 2631 omnes
1387 2572 1524 2631 civitates
1545 2573 1642 2650 parti·

307 2676 389 2750 cipes
410 2680 511 2731 essent
531 2677 562 2730 et
583 2679 735 2744 sumptum
757 2669 895 2729 ludorum
909 2677 974 2729 tota
988 2670 1144 2746 provincia
1157 2671 1354 2746 aequabiliter
1368 2673 1518 2733 toleraret.
1555 2672 1643 2747 Quo·

307 2775 406 2835 tauma
432 2779 548 2832 creatos
575 2786 643 2829 esse
669 2769 805 2828 flamines
832 2787 1002 2846 quanquam
1026 2770 1186 2830 verisimile
1213 2780 1259 2831 est
1281 2783 1380 2831 tamen
1401 2792 1441 2833 ex
1462 2773 1644 2852 Hispanicis

307 2875 404 2932 titulis
426 2892 486 2930 non
509 2880 644 2947 apparet.

391 2976 420 3031 4.
465 2971 607 3033 S1c1n1as
630 2987 794 3042 commune,
817 2972 897 3047 quod
917 2971 1074 3049 provincia
1095 2973 1248 3049 antiquius
1268 2987 1323 3045 est,
1345 2988 1562 3037 conservarunt
1575 2978 1641 3038 Ro·

307 3073 387 3132 maoi
414 3081 443 3131 et
470 3071 674 3148 compluribus
692 3069 888 3130 verrinarum
914 3072 989 3131 locis
1012 3070 1119 3132 Cicero
1141 3085 1362 3134 commemorat.
1411 3076 1450 3136 V.
1471 3079 1583 3138 Accua.
1607 3080 1641 3139 in

308 3171 593 3245 vetustatis:
620 3170 753 3248 Denique
773 3191 849 3231 nunc
868 3175 949 3244 cide,
971 3175 1043 3249 quid
1062 3176 1137 3231 inter
1158 3183 1193 3245 te,
1215 3179 1296 3233 cuias
1317 3181 1427 3237 nombre
1447 3180 1530 3254 apud
1550 3178 1640 3239 Sicu-

228 3286 231 3291 ·
308 3276 350 3333 los
368 3278 440 3351 sesti
466 3274 527 3332 dies
549 3283 675 3349 agantur
695 3283 721 3332 et
738 3273 896 3349 praeclara
916 3274 971 3332 illa
990 3273 1095 3334 Verria
1116 3274 1303 3348 celebrantur,
1331 3282 1377 3336 cui
1398 3289 1510 3338 statuae
1529 3280 1641 3340 Rornae

306 3387 384 3436 stant
403 3379 565 3445 inauratae,
588 3392 608 3432 a
629 3378 768 3433 conmuni
790 3375 918 3449 Siciliae,
940 3377 1173 3452 quemadmodum
1194 3381 1361 3454 inscriptum
1383 3381 1518 3451 uidemus,
1540 3382 1639 3443 datae.

305 3477 346 3535 ib.
368 3475 396 3548 2,
412 3476 462 3549 59,
480 3476 553 3534 145:
575 3477 770 3552 (imperasti),
792 3478 928 3536 attidem
945 3494 1003 3552 pro
1022 3485 1107 3553 parte
1127 3481 1158 3536 in
1180 3498 1322 3538 conrnune
1335 3480 1456 3540 Siciliae
1477 3483 1640 3556 cmissrrent

306 3577 336 3649 2,
352 3577 401 3649 63,
419 3578 491 3636 154:
518 3578 597 3635 Huic
617 3580 702 3636 etiarn
723 3578 831 3636 Boutae
851 3580 978 3637 uidemus
997 3581 1028 3636 in
1049 3577 1115 3637 basi
1135 3588 1295 3638 statuarum
1314 3584 1446 3640 manuus
1468 3583 1571 3641 litteris
1591 3587 1640 3643 in·

305 3684 403 3748 usum,
426 3697 446 3736 a
468 3682 606 3737 communi
627 3679 747 3737 Siciliae
767 3679 862 3736 elatas.
900 3677 949 3736 Oi.
972 3677 1001 3752 2,
1017 3677 1067 3751 42,
1084 3679 1158 3738 103:
1180 3680 1262 3739 Dicit
1279 3693 1429 3757 praeterea
1450 3686 1639 3743 ustiraonium

307 3787 366 3835 tota
382 3776 495 3847 Sicilia,
519 3797 592 3852 quae
613 3781 642 3834 in
665 3779 853 3837 communibus
871 3780 1027 3854 postulatis
1050 3786 1195 3841 ciuitatum
1216 3786 1338 3842 omniura
1358 3784 1519 3843 consulibus
1534 3786 1637 3860 edidit,

307 3896 426 3952 ,rogare
447 3888 531 3951 atque
553 3896 636 3935 orare
655 3889 752 3952 patres
774 3883 958 3954 consmptos,
980 3891 1012 3939 ut
1031 3893 1193 3955 statuerent,
1215 3903 1250 3944 ne
1264 3884 1420 3944 absentium
1433 3889 1549 3943 nomina
1563 3890 1638 3947 reci-

302 3986 450 4054 perentur.
494 3975 522 4049 2,
543 3977 683 4048 59,1tt:
709 3979 787 4037 Nam
809 3979 962 4056 legationes
983 3986 1104 4043 omnium
1126 3988 1270 4044 ciuitatum
1291 3990 1321 4045 in
1338 3986 1495 4062 postulatis
1512 4005 1636 4047 conrau-

304 4079 388 4137 nibus
410 4113 448 4123 -
472 4080 555 4135 etiarn
576 4077 629 4136 toe
650 4079 806 4154 ediderant,
828 4090 860 4140 ut
881 4091 992 4143 statuas
1013 4102 1048 4144 ne
1069 4089 1128 4158 cui,
1149 4089 1209 4145 uisi
1230 4106 1292 4146 555
1312 4090 1339 4146 is
1360 4088 1395 4146 de
1411 4090 1564 4163 prosim
1586 4090 1637 4149 de·

305 4183 443 4249 cessisset,
461 4178 672 4255 pollicerentur.
705 4180 817 4241 Postea
837 4183 926 4243 huius
945 4185 1065 4245 concilii
1084 4188 1169 4247 nulla
1187 4188 1221 4246 tit
1235 4190 1347 4248 mentio
1362 4206 1416 4247 nec
1431 4187 1636 4249 sacedotium

305 4281 476 4358 provinciae
502 4281 617 4354 inveni,
644 4300 816 4359 quanquam
838 4303 905 4344 cum
926 4286 1085 4348 Messanae
1106 4289 1217 4348 luerint
1238 4300 1268 4348 et
1290 4289 1388 4349 Vicini
1408 4288 1584 4365 Augustales
1604 4298 1639 4351 et

298 4384 449 4458 flaminica
471 4384 554 4440 diuae
568 4383 644 4458 Aug.
667 4383 885 4459 (Torremuzza
906 4384 1027 4447 Siciliae
1043 4392 1130 4449 inser.
1153 4408 1178 4447 c.
1197 4391 1224 4461 l,
1240 4390 1269 4449 4.
1284 4390 1349 4467 24),
1371 4390 1514 4450 Panormi
1534 4390 1639 4451 VIciri

305 4483 383 4559 Aap.
411 4482 469 4555 (ib.
492 4504 517 4542 c.
537 4484 563 4557 l,
581 4483 629 4541 10.
647 4483 715 4559 29),
741 4485 881 4562 Lilybaei
894 4489 1001 4561 flamen
1023 4491 1089 4564 imp.
1111 4489 1249 4549 Antonini
1270 4502 1296 4550 et
1308 4494 1458 4568 stammica
1478 4492 1537 4568 (ib.
1560 4512 1587 4553 o.
1604 4495 1636 4567 3,

306 4583 334 4640 5.
352 4583 395 4658 l),
417 4583 557 4642 Thermis
579 4602 633 4642 ara
654 4589 722 4662 imp.
741 4585 823 4646 Caes.
846 4586 950 4664 (dap.)
973 4598 999 4645 et
1018 4589 1129 4665 Ial(iae
1142 4589 1306 4666 Auprastas)
1326 4591 1456 4670 555595)
1478 4598 1546 4672 imp.
1564 4594 1636 4655 Gae-

306 4682 396 4756 (sart's
419 4683 526 4743 Tiberii
547 4684 659 4763 Aegi)
688 4685 744 4760 (ib.
768 4689 804 4757 4,
821 4688 869 4764 5),
896 4688 1019 4747 Melitae
1038 4685 1141 4750 innatis
1159 4683 1303 4758 ‘Patauina
1323 4685 1547 4769 ἆμφιπολεῦσασ
1567 4691 1638 4772 θεῷ

304 4774 465 4861 Αύγούπῳ
488 4783 537 4860 (C.
555 4785 578 4844 Ι.
595 4784 648 4845 Gr.
671 4808 699 4845 n.
717 4788 827 4864 5754),
854 4788 981 4865 denique
1006 4789 1038 4848 in
1064 4790 1165 4850 insula
1187 4790 1280 4852 Gauli
1298 4796 1405 4870 stamen
1424 4801 1517 4870 genas
1540 4796 1636 4855 iuliae

307 4885 421 4956 eiusque
442 4903 514 4943 uaor
534 4890 667 4945 sacerdos
688 4888 856 4964 Atrpnstalis
878 4888 988 4966 (Orell.
1005 4888 1089 4966 618),
1112 4912 1149 4950 55
1171 4894 1353 4970 provinciam
1375 4896 1495 4972 quidem
1514 4915 1634 4956 ornnem

307 4996 325 5035 u
347 4981 429 5039 cultu
451 4984 557 5044 domus
579 4988 736 5065 Augustae
757 4990 936 5049 abstinuisse
957 4990 1101 5052 credibile
1122 5003 1175 5052 eat.

392 5081 420 5137 5.
465 5082 638 5145 staura-ne
659 5090 849 5151 sacedotales
870 5090 1059 5167 reperiuntur
1079 5093 1110 5152 in
1125 5093 1242 5155 duabus
1257 5096 1346 5156 inser.
1361 5096 1488 5159 chzen
1504 5100 1596 5161 5969.
