3480 5804
203 484 299 535 asse
625 479 708 531 VOL.
723 479 738 530 1
754 477 1107 540 ANTIQVISSIMARVM.

203 652 250 712 98
272 655 303 712 10
325 653 392 711 basi
413 651 541 709 rotunda
561 651 677 728 pineae.
720 651 886 709 Praeneste
908 650 989 726 apud
1010 651 1208 709 Bonannium.

734 776 1008 844 c·anc'u1·r·s

204 922 374 999 Descripsit
396 920 650 996 Trendelenburg.

204 1127 251 1186 99
276 1129 308 1185 10
335 1128 469 1205 margine
495 1128 636 1186 interiore
662 1128 745 1186 basis
771 1127 916 1216 rotundae
941 1129 1056 1203 pineae.
1099 1128 1264 1187 Praeneste
1289 1129 1531 1189 1010001οΒ00-

245 1229 399 1286 beriniano
421 1248 483 1303 rep.
507 1249 534 1286 o.
552 1227 641 1286 1863.
685 1228 786 1287 Hodie
807 1228 887 1305 apud
908 1228 1107 1286 Bonannium.

787 1380 801 1420 t
817 1392 823 1406 ·
840 1377 950 1422 ANICIO

203 1497 367 1556 Henzenus
389 1499 471 1556 Ball.
496 1499 575 1558 1863
597 1518 628 1576 p.
646 1497 703 1556 123
727 1518 746 1557 a
767 1497 931 1556 Cicerchia

245 1600 371 1658 Anicius
392 1599 607 1658 Praenestinos
629 1600 706 1658 alios
729 1601 821 1657 habes
847 1600 873 1671 Ι,
890 1599 1021 1658 75-77.

205 1804 253 1864 30
280 1808 312 1864 iu
337 1807 404 1881 ipsa
429 1805 518 1880 pinea
543 1806 653 1864 litteris
679 1824 784 1882 parum
807 1807 896 1866 certis
940 1807 1104 1865 Praeneste
1124 1807 1156 1864 iu
1178 1806 1266 1864 vinea
1288 1807 1440 1866 Dominiei
1462 1807 1535 1868 Cec-

246 1907 313 1965 coui
335 1907 427 1965 adfini
448 1907 553 1965 vineae
575 1925 603 1984 q.
628 1908 656 1965 d.
680 1909 710 1966 la
735 1908 915 1967 Oolomballa.
958 1907 1057 1967 Hodie
1079 1908 1158 1985 apud
1180 1908 1381 1967 Bonannium.

703 2058 783 2101 ΜΔΙΟ
799 2059 926 2102 ·AN1C1d
941 2074 948 2088 ·
965 2061 984 2103 C
998 2072 1005 2088 ⁸
1021 2061 1038 2102 F

205 2177 354 2253 Ectypum
369 2178 451 2237 misit
460 2178 622 2236 Henzenus
637 2188 790 2252 acceptum
807 2178 876 2236 uD.
888 2179 1047 2238 Bonannio
1062 2179 1215 2255 ediditque
1229 2179 1312 2238 Bell.
1329 2179 1407 2238 1866
1423 2199 1451 2256 p.
1468 2182 1535 2240 135.

247 2278 544 2355 Trendelenburgius
566 2280 685 2354 excepit
706 2281 764 2338 sic:
787 2294 862 2338 runo
876 2282 983 2339 -nntn
995 2309 1002 2322 ·
1015 2296 1034 2338 c
1046 2309 1052 2322 ·
1065 2282 1101 2338 Fi.

207 2482 248 2543 31
273 2487 304 2543 iu
329 2484 463 2560 margine
490 2485 645 2559 superiore
673 2485 756 2543 basis
778 2486 925 2542 rotundae
947 2485 1061 2559 pineae.
1105 2485 1269 2543 Praeneste
1290 2485 1435 2544 infundo
1457 2488 1538 2546 dicto

248 2587 279 2643 la
303 2585 475 2646 Colornbellc
502 2603 564 2660 rep.
592 2605 632 2643 m.
655 2583 737 2661 Sept.
765 2603 792 2641 a.
812 2585 901 2644 1868.
944 2584 1044 2643 Hodie
1069 2586 1101 2643 in
1125 2585 1219 2644 fundo
1242 2585 1461 2644 Borberiuiano
1487 2589 1537 2664 qui

248 2686 357 2745 dicitur
378 2690 409 2744 ai
425 2689 515 2761 prati.

707 2782 726 2825 C
742 2796 749 2811 ·
765 2782 913 2826 ANTONIO
929 2797 936 2811 ·
950 2783 989 2826 W
1003 2797 1010 2812 ·
1026 2785 1043 2826 F

207 2903 371 2963 Henzenus
394 2904 432 2962 ad
454 2913 595 2980 ectypum
617 2902 742 2961 missum
765 2921 784 2960 a
806 2902 845 2961 D.
869 2903 1027 2963 Bonannio
1048 2903 1131 2962 Bell.
1157 2903 1235 2963 1869
1258 2923 1287 2980 p.
1307 2904 1375 2964 165.

249 3005 287 3063 10
308 3004 409 3082 lapide
431 3011 477 3063 est
497 3019 595 3076 mm,
618 3022 680 3061 non
701 3019 784 3062 M.

209 3210 255 3270 32
276 3213 308 3270 in
329 3212 395 3270 basi
417 3211 566 3287 quadrata
586 3209 702 3286 pineae.
744 3209 820 3285 Rep.
843 3211 1008 3271 Praeneste
1030 3230 1049 3269 0
1072 3209 1243 3271 Galeassio.

745 3360 887 3404 nuncium
902 3376 909 3389 ·
926 3360 945 3404 c
961 3374 968 3389 ·
984 3362 1001 3403 r

208 3482 360 3558 Ectypum
385 3479 466 3538 misit
487 3479 650 3537 Henzenus
672 3490 826 3556 acceptum
848 3499 867 3537 a
888 3479 1054 3553 Cicerehia,
1077 3481 1114 3538 ad
1136 3483 1217 3558 quod
1240 3483 1333 3541 edidit
1353 3483 1435 3543 Bell.
1463 3485 1541 3543 1864

209 3603 238 3660 p.
256 3581 305 3640 21.

1387 3720 1540 3730 -—-.

210 3788 255 3848 33
282 3790 314 3846 in
338 3789 404 3847 basi
432 3787 580 3862 quadrata
601 3787 717 3862 pineae.
761 3787 925 3847 Praeneste
946 3807 1008 3865 rep.
1031 3789 1062 3846 in
1083 3789 1177 3847 fundo
1198 3808 1228 3865 q.
1251 3790 1279 3849 d.
1303 3792 1334 3850 la
1357 3791 1540 3864 Colombslia,

252 3889 340 3949 hodie
362 3892 393 3947 at
408 3892 502 3964 prati.

771 3987 861 4030 nrum
876 4000 883 4015 ·
898 3990 919 4028 Α
934 4001 940 4016 ·
961 3987 978 4028 u

843 4086 910 4130 LAIS

210 4173 379 4249 Descripsit
400 4172 657 4253 Trendelenburg.

252 4273 332 4348 [Hic
353 4274 457 4332 titulus
480 4285 509 4333 et
531 4295 558 4332 n.
577 4275 614 4334 63
639 4274 815 4334 eonomine
838 4274 985 4332 notabiles
1008 4285 1094 4346 sunt,
1116 4276 1196 4351 quod
1219 4293 1385 4353 cognomen
1408 4277 1542 4335 mulieris

210 4374 322 4431 habent
346 4385 418 4450 post
438 4376 624 4450 gentilicium
648 4376 705 4433 soii
728 4396 767 4433 ex
788 4375 995 4433 Praenestinis
1018 4375 1075 4434 his.
1119 4375 1198 4435 Nam
1220 4387 1377 4453 praeterea
1398 4396 1476 4452 quae
1498 4379 1543 4436 in-

210 4474 371 4533 veniuntur
391 4475 549 4533 mulierum
571 4477 692 4534 nomina
713 4485 832 4551 praeter
846 4475 1039 4554 gentilicium,
1062 4477 1088 4535 ei
1104 4487 1337 4554 praeponuntur,
1361 4488 1393 4534 ut
1407 4478 1543 4538 Ecclesis

210 4575 234 4647 1,
250 4574 304 4645 943
330 4572 409 4632 Gaia
432 4574 512 4650 (eph.
528 4576 567 4634 49
590 4576 627 4633 ef.
651 4595 680 4632 n.
697 4575 765 4652 69);
793 4576 907 4646 Comae,
926 4576 1055 4636 sortasse
1076 4596 1131 4653 pro
1155 4577 1283 4649 Gemina,
1306 4578 1331 4649 Ι,
1348 4577 1404 4649 99;
1431 4578 1544 4639 Graeca

210 4677 236 4746 Ι,
253 4676 325 4748 155;
347 4674 481 4750 L(ucia)‚
505 4675 531 4731 si
546 4675 650 4734 titulus
665 4684 745 4733 recte
761 4677 855 4734 lectus
871 4684 926 4748 est,
949 4679 1017 4753 eph.
1034 4677 1087 4748 903
1111 4678 1204 4749 Maio,
1222 4679 1241 4735 i.
1254 4697 1280 4736 e.
1296 4679 1406 4751 Maior,
1429 4679 1454 4752 Ι,
1474 4681 1543 4742 108.

214 4777 281 4835 159.
311 4778 378 4852 eph.
401 4777 450 4835 30.
469 4775 537 4833 121.
556 4774 612 4833 127
639 4777 676 4834 cf.
699 4777 754 4847 733
783 4777 882 4834 Maria
903 4778 933 4848 Ι,
952 4778 1019 4834 149.
1048 4777 1115 4854 eph.
1138 4778 1193 4849 64;
1220 4779 1320 4850 Mino,
1347 4780 1542 4853 10111000,

211 4877 240 4950 Ι,
258 4876 307 4936 78.
329 4877 465 4936 97.153.
491 4877 558 4935 161.
581 4877 649 4953 eph.
669 4878 719 4934 44.
743 4877 797 4948 80;
824 4877 922 4934 Radia
943 4878 972 4947 1,
991 4877 1102 4948 15010;
1130 4879 1210 4936 Deio
1232 4880 1280 4938 vel
1306 4881 1380 4938 Tert.
1405 4883 1472 4957 eph.
1493 4883 1542 4940 51.

214 4979 282 5038 108.
325 4978 410 5037 Hace
432 4980 589 5036 mulierum
611 4978 746 5050 nomina,
768 4978 795 5036 si
817 4978 951 5055 excipias
975 4977 1071 5039 Gaiae
1093 4987 1123 5038 et
1144 4979 1264 5039 Tertiae
1287 4992 1326 5040 et·
1338 4982 1460 5040 dubium
1484 4983 1543 5042 Lu·

211 5080 288 5153 0100,
311 5098 369 5138 000
392 5088 543 5153 notantur,
566 5080 620 5140 sed
640 5079 875 5156 perscribuntur,
898 5098 965 5140 cum
990 5081 1122 5140 virorum
1149 5083 1343 5159 praenomina
1364 5084 1469 5160 paucis
1491 5103 1543 5144 ex·
