3480 5804
770 470 984 524 rrcrvoevs.
1466 455 1550 528 261.

211 659 326 700 comme
347 640 433 700 laltre
453 642 560 718 gambe
580 661 641 700 une
661 648 747 719 perte
769 642 806 700 de
826 641 855 698 le
876 660 964 699 noue.
1002 639 1112 715 Quelle
1132 641 1169 700 de
1192 660 1283 719 sopra
1304 643 1335 702 la
1356 646 1429 705 mita
1450 646 1487 705 de
1509 647 1540 705 le

210 758 317 818 grossa
337 760 453 801 eomme
473 743 505 800 la
526 743 650 802 sinistre
672 743 721 801 del
743 743 805 802 .A.
849 738 959 814 Quella
980 741 1017 801 de
1039 749 1117 801 sotto
1140 743 1192 801 uol
1213 762 1297 804 esser
1318 745 1410 822 longa
1430 747 1470 805 iin
1493 748 1541 808 ala

210 843 343 901 eroeiera
363 860 437 902 ouer
458 843 488 900 di
509 842 584 902 fore.
628 841 737 916 Quella
758 843 796 901 de
818 860 910 921 sopra
930 841 1036 901 dentre
1057 843 1088 901 la
1108 843 1250 904 eroeiera„

336 1114 359 1173 L

294 1268 410 1343 Queete
422 1269 531 1329 lettera
548 1267 606 1329 .L.
625 1288 658 1330 se
677 1287 754 1329 eene
768 1268 817 1328 del
835 1269 928 1328 tonde
943 1289 960 1328 e
974 1268 1023 1328 del
1038 1286 1093 1327 suo
1107 1269 1231 1345 quadro.
1263 1269 1310 1329 La
1325 1289 1382 1332 sua
1394 1291 1539 1351 grosseza

210 1370 263 1429 nol
285 1389 367 1430 esser
388 1371 426 1430 de
446 1371 476 1429 le
496 1388 574 1429 noue
594 1371 673 1446 perti
693 1389 754 1429 une
774 1369 823 1428 del
844 1370 968 1430 altem.
1003 1370 1050 1428 La
1071 1388 1127 1429 sua
1144 1370 1286 1447 largheze
1311 1391 1396 1433 mezo
1424 1377 1539 1450 quadro

210 1490 277 1530 eum
299 1472 399 1548 questi
426 1471 510 1530 tondi
536 1471 804 1548 sopreeeripti31e
829 1471 940 1548 gamba
966 1471 1055 1529 sutile
1082 1470 1120 1529 de
1145 1479 1226 1530 sotto
1253 1473 1305 1531 uel
1332 1490 1415 1533 esser
1434 1494 1488 1551 per
1508 1476 1539 1536 le

211 1572 284 1630 mita
305 1572 342 1630 de
363 1572 394 1630 la
415 1588 523 1649 grossa
544 1590 659 1632 comme
680 1571 782 1649 quelle
803 1571 840 1631 de
862 1571 917 1631 ‚1¹2.
939 1580 970 1630 et
989 1570 1039 1630 del
1060 1569 1117 1630 ‚R

336 1741 370 1801 M

294 1894 409 1970 Queete
429 1895 536 1955 lettere
558 1896 619 1954 .M.
642 1913 675 1956 se
690 1913 766 1955 eene
786 1895 836 1954 del
849 1894 942 1954 tendo
963 1894 1043 1955 edel
1058 1913 1114 1955 suo
1129 1897 1262 1971 quadr03
1280 1897 1309 1956 le
1324 1900 1430 1976 gembe
1444 1904 1540 1963 suttili

210 1998 352 2074 uoglieno
373 2015 457 2058 esser
469 2014 525 2073 per
545 2014 630 2057 mezo
645 1995 724 2055 dele
739 2013 846 2074 grosse
866 2013 981 2055 comme
1000 1996 1031 2055 la
1045 1997 1175 2056 senistra
1195 1997 1245 2057 del
1266 1999 1334 2071 .A.,
1356 2000 1386 2059 le
1407 2009 1541 2063 extreme

210 2099 317 2176 gembe
337 2099 480 2177 uogliano
506 2116 590 2158 esser
611 2098 754 2174 alquanto
775 2095 881 2156 dentre
902 2096 932 2154 al
954 2096 1085 2173 quadro,
1112 2098 1140 2156 le
1166 2098 1264 2157 medie
1284 2099 1332 2157 fre
1351 2101 1451 2176 quelle
1472 2123 1489 2161 e
1511 2106 1540 2164 le

209 2199 434 2259 intersecationi
461 2200 497 2259 de
524 2199 547 2257 li
575 2198 726 2269 diametri,
752 2198 799 2256 lor
824 2214 966 2275 groeeeze
993 2215 1099 2273 grosse
1125 2217 1142 2255 e
1168 2199 1252 2258 sutili
1278 2200 1499 2262 seresereeeano
1521 2223 1541 2262 a

211 2301 308 2377 quelle
329 2301 379 2360 del
400 2301 458 2358 .A.
481 2318 596 2359 comme
616 2299 647 2357 di
669 2316 760 2375 sopra
781 2298 813 2356 in
833 2298 929 2374 figura
948 2305 1053 2373 aperto
1075 2298 1124 2374 poi
1147 2299 1369 2374 comprendere.

334 2574 363 2631 N

294 2724 411 2802 Queste
431 2727 540 2787 lettera
561 2725 619 2786 .N.
643 2742 676 2785 ee
698 2743 773 2785 erue
793 2723 843 2783 del
864 2740 920 2783 suo
940 2723 1033 2781 tendo
1055 2731 1085 2782 et
1105 2723 1195 2782 etiem
1216 2724 1341 2801 quadro.
1376 2725 1422 2786 Le
1442 2731 1541 2806 prima

209 2830 320 2907 gemba
340 2828 392 2886 uol
413 2844 496 2888 esser
516 2826 583 2885 fora
603 2826 640 2885 de
661 2826 693 2886 la
712 2825 944 2886 inteneeetione
965 2825 1002 2883 de
1027 2823 1049 2882 li
1076 2824 1222 2884 diametri.
1265 2825 1312 2886 La
1337 2834 1476 2888 tranerra
1502 2831 1540 2890 de

209 2948 295 2989 mezo
316 2930 368 2989 uol
389 2946 473 2989 esser
493 2944 602 3006 grossa
622 2927 708 2988 dele
730 2945 808 2987 noue
821 2926 900 3006 perti
921 2925 994 2984 luna
1013 2944 1105 3003 prese
1126 2925 1348 2986 diametreliter.
1390 2927 1437 2988 Le
1458 2939 1540 2990 tem

210 3031 320 3107 gamba
340 3031 392 3090 uol
413 3047 497 3090 esser
510 3029 578 3087 fore
598 3028 635 3088 de
649 3027 681 3087 la
694 3029 835 3088 croeiere.
867 3026 972 3086 Prima
992 3026 1102 3102 gamba
1116 3028 1144 3085 ἀ
1157 3027 1273 3086 Vltima
1293 3029 1436 3106 negliano
1459 3050 1540 3092 esser

210 3150 315 3208 grosse
336 3131 368 3190 la
388 3133 463 3190 mite
483 3130 520 3190 de
541 3130 573 3189 le
592 3131 702 3210 gamba
722 3147 831 3208 grossa
851 3128 916 3187 cioe
938 3127 1019 3186 dune
1039 3134 1125 3186 testa.

336 3301 368 3361 Ο

294 3452 410 3530 Queeto
432 3453 490 3515 .0.
513 3474 530 3514 e
551 3452 778 3532 perfectissimo.

333 3625 365 3686 0

294 3780 412 3856 Queeta
431 3781 540 3842 lettere
562 3779 621 3841 .0.
645 3796 678 3839 se
700 3796 777 3840 caua
798 3777 848 3837 del
870 3776 961 3836 tendo
983 3796 999 3835 e
1021 3777 1069 3836 del
1091 3795 1145 3837 ruo
1167 3777 1298 3855 quadro,
1325 3794 1359 3838 ee
1385 3780 1487 3841 diuide
1507 3783 1539 3842 in

209 3889 318 3960 quatro
339 3884 419 3960 perti
439 3884 504 3942 eioe
525 3883 557 3941 in
579 3899 666 3942 eroee
686 3899 740 3958 per
761 3895 846 3938 mezo
860 3879 889 3937 le
904 3888 1011 3955 quatro
1032 3879 1125 3950 linee;
1148 3878 1176 3938 el
1193 3897 1284 3956 corpo
1306 3897 1361 3940 ruo
1384 3883 1435 3940 uol
1457 3899 1540 3943 esser

209 4000 317 4063 groew
338 3983 418 4044 dele
432 4001 510 4044 noue
531 3984 610 4061 perti
631 3983 713 4055 lune,
735 3980 763 4040 el
784 3997 876 4058 corpo
898 3997 953 4038 suo
972 3980 1009 4038 de
1024 3997 1115 4058 sopra
1136 3981 1186 4039 uol
1208 3997 1290 4040 esser
1310 4000 1365 4058 per
1384 4000 1469 4041 mezo
1492 3984 1540 4044 del

210 4102 267 4144 suo
289 4101 407 4163 grosso.
440 4084 485 4143 Le
507 4102 561 4145 sue
579 4102 674 4161 peuce
695 4099 755 4141 une
776 4081 827 4143 uol
848 4079 962 4158 pender
982 4079 1014 4138 in
1035 4098 1071 4139 su
1086 4080 1175 4140 laltre
1194 4081 1227 4139 in
1248 4080 1309 4157 giu,
1331 4081 1359 4140 el
1379 4083 1470 4143 rutile
1490 4085 1539 4143 del

212 4203 303 4263 corpo
326 4185 377 4244 uol
398 4203 483 4245 esser
495 4204 551 4263 per
571 4185 602 4243 le
615 4193 698 4243 terea
711 4190 797 4260 parte
817 4181 854 4240 de
868 4181 900 4238 la
921 4198 976 4239 sua
989 4181 1106 4257 parreia.
1142 4180 1238 4257 Eper
1252 4182 1306 4239 che
1328 4181 1358 4240 di
1379 4183 1421 4241 lui
1444 4201 1539 4242 sonno

211 4287 262 4345 (ἰοὶ
284 4286 428 4362 opinioni,
449 4302 522 4363 pero
541 4285 667 4344 dinanze
681 4293 710 4344 te
731 4300 770 4341 no
784 4290 873 4358 posto
896 4300 937 4338 un
958 4281 1037 4339 altro
1058 4281 1138 4339 emio
1151 4281 1270 4358 pieeere
1283 4281 1500 4359 perfectissimo
1522 4303 1538 4341 e

211 4395 244 4445 tu
271 4384 376 4464 prendi
401 4385 473 4463 quel
499 4394 528 4446 te
554 4404 627 4465 pare
657 4383 730 4463 edi
756 4382 821 4443 loro
840 4380 982 4442 formarei
1011 4381 1040 4439 el
1067 4379 1124 4456 .Q.
1151 4400 1267 4442 comme
1290 4380 1321 4440 di
1341 4391 1421 4443 sotto
1441 4385 1537 4443 interr·

209 4485 292 4546 derai
314 4507 334 4548 a
354 4505 409 4548 suo
430 4486 526 4547 luoeo.
