3480 5804
293 502 366 575 298
597 518 779 573 nomssan
796 516 1093 572 onsanvruronns
1110 519 1231 573 amon.
1251 520 1314 571 xv.

291 714 337 772 ep.
361 694 390 765 9,
414 693 468 763 373
497 692 567 767 Dig.
593 692 641 765 19,
664 692 693 764 2,
716 691 765 764 25,
788 691 830 768 6).
874 691 1005 751 Easdem
1030 692 1082 751 lex
1107 688 1250 752 Solonica
1279 691 1423 766 admittit,
1451 702 1484 752 nt
1512 693 1626 753 Pollux

294 796 337 854 ait
359 795 389 866 7,
413 794 487 852 151:
515 786 658 876 ἓπῖμορτος
684 795 725 869 γῆ
751 788 829 876 παρὰ
853 784 961 852 Σόλωνι
989 787 1006 862 ἦ
1027 783 1072 849 tri
1093 784 1165 877 με’ρει
1186 788 1395 876 γεωργουμένη,
1416 784 1465 850 καὶ
1486 789 1572 878 aegra*
1595 789 1625 852 ri

292 886 373 976 piper
397 888 428 952 ri
459 889 517 952 cini
545 896 600 951 reio
621 895 774 976 γεωργῶν·
803 889 834 951 ri
857 887 885 949 δ’
906 887 951 950 tri
972 894 1014 969 rui
1036 884 1159 976 rsrriprtp
1180 885 1252 976 με’ρει
1275 884 1413 961 νέμεσθαι
1435 887 1627 976 τετραχῖζειν,

294 996 453 1055 Eiusmodi
474 1001 658 1054 contractum
680 1012 727 1054 res
742 995 863 1071 publica
876 994 1096 1054 Thisbaeorum
1116 1013 1183 1052 cum
1198 995 1319 1054 homine
1334 995 1442 1054 Italico
1464 995 1507 1054 ita
1528 996 1628 1055 lacere

295 1098 403 1175 potuit,
425 1105 458 1155 ut
471 1096 581 1155 fundos
605 1114 676 1155 suos
698 1097 725 1154 ei
740 1096 872 1155 urendos
890 1095 1022 1154 traderet
1043 1113 1080 1153 ea
1094 1095 1277 1167 condicione,
1302 1102 1334 1154 ut
1348 1096 1487 1155 frumenti
1509 1097 1628 1174 oleique

296 1207 379 1258 certa
398 1214 471 1274 pars
493 1197 532 1255 ad
554 1189 779 1275 se'pertineret.
822 1195 950 1255 Videtur
975 1195 1066 1272 igitur
1088 1193 1213 1256 Gnaeus
1227 1197 1332 1269 ,luisse
1354 1216 1394 1257 ex
1415 1215 1540 1256 numero
1562 1207 1629 1256 arai

300 1309 398 1359 torum
416 1299 590 1358 Italicorum
609 1299 641 1356 in
662 1297 826 1374 provinciis
847 1298 1042 1369 versantium
1064 1297 1116 1372 qui
1137 1314 1319 1374 quamquam
1340 1298 1438 1358 solum
1459 1299 1541 1376 quod
1562 1318 1630 1358 ara·

298 1401 371 1459 bant
392 1416 482 1476 saepe
504 1417 593 1458 suum
614 1399 755 1472 fecerant,
780 1398 856 1457 nihil
877 1397 1010 1475 impedit,
1037 1398 1197 1474 quominus
1219 1399 1309 1457 etiam
1330 1399 1542 1461 conductiones
1564 1401 1629 1460 eius

297 1500 415 1578 generis
437 1501 486 1560 vel
507 1501 534 1559 si
555 1500 651 1577 magis
672 1500 772 1578 placet
792 1500 951 1559 societates
972 1498 1093 1558 inierint
1115 1506 1145 1557 et
1166 1500 1211 1557 sic
1232 1499 1262 1557 in
1285 1500 1384 1558 alieno
1406 1501 1529 1560 ararint.
1565 1503 1642 1571 Iam¹

292 1609 364 1678 post
378 1600 559 1660 deditionem
581 1620 648 1660 cum
670 1621 708 1660 ex
723 1607 875 1660 contractu
888 1600 943 1659 illo
964 1599 1072 1678 agendi
1086 1600 1134 1659 ius
1153 1617 1270 1659 summo
1284 1601 1350 1661 iure
1372 1602 1410 1660 ad
1424 1602 1629 1662 Romanorum

295 1720 359 1759 rem
385 1701 535 1778 publicam
556 1703 652 1778 magis
679 1708 828 1779 spectaret
858 1720 948 1778 quam
977 1701 1016 1759 ad
1037 1700 1259 1761 Thisbaeorum
1286 1701 1357 1761 licet
1381 1703 1565 1774 restitutam,
1592 1721 1629 1762 eo

297 1802 421 1864 Gnaeus
455 1822 493 1862 ne
525 1822 558 1863 se
585 1803 771 1876 defenderet,
807 1802 968 1862 Thisbaeis
1000 1803 1048 1861 ius
1077 1802 1115 1861 de
1148 1820 1185 1861 eo
1209 1803 1330 1879 negotio
1356 1803 1463 1863 iudicis
1491 1803 1628 1862 sumendi

297 1911 420 1963 senatus
436 1904 494 1962 hoc
515 1905 634 1963 decreto
649 1904 846 1964 confirmavit.
880 1902 960 1964 Sane
974 1903 1048 1963 haec
1070 1921 1130 1962 non
1151 1911 1212 1962 tam
1234 1903 1301 1962 dico
1322 1904 1365 1963 ita
1386 1904 1523 1963 evenisse
1538 1923 1628 1980 quam

296 2004 432 2082 potuisse
453 2006 497 2063 ita
518 2006 651 2076 evenire3
673 2025 743 2064 nam
765 2005 833 2081 plus
854 2005 886 2064 in
908 2005 1018 2064 talibus
1040 2004 1092 2080 qui
1113 1986 1172 2064 sibi
1192 2013 1331 2078 sumeret,
1351 2006 1471 2081 ineptus
1492 2006 1580 2064 foret.

375 2103 476 2182 Caput
489 2114 656 2165 extremum
678 2105 719 2181 (c.
735 2104 873 2181 56-60)
889 2106 1064 2182 explanavit
1078 2104 1248 2165 Foucartus
1262 2125 1292 2183 p.
1308 2106 1346 2164 57
1370 2105 1479 2164 collata
1493 2106 1631 2166 clausula

294 2204 386 2264 simili
408 2213 532 2265 senatus
554 2206 685 2266 consulti
707 2206 744 2265 de
765 2205 886 2265 Iudaeis
908 2205 1045 2284 (loseph.
1068 2216 1130 2267 ant.
1152 2207 1220 2265 lud.
1242 2206 1291 2278 13„
1310 2206 1340 2278 9,
1362 2205 1411 2282 i)z
1438 2198 1514 2267 irrue
1534 2202 1631 2269 αὐτοῖς

294 2295 361 2388 npc'c
388 2329 419 2364 rr
444 2299 580 2372 βασιλεῖς
611 2297 659 2365 καὶ
692 2298 798 2377 δήμους
823 2297 994 2389 ἐλευθέρους
1019 2296 1178 2390 «γράμματα
1210 2300 1297 2365 δῶσιν
1323 2305 1362 2366 sie
1387 2296 1553 2382 decidisset
1580 2310 1631 2377 τῆς

293 2404 333 2466 sic
354 2396 427 2465 οἶκον
454 2398 603 2467 ἐπανόδου.
645 2409 798 2484 Expectes
825 2424 898 2467 eane
924 2427 952 2467 v.
976 2407 1016 2468 57
1045 2403 1142 2468 αὐτοῖς
1163 2425 1219 2485 pre
1240 2399 1416 2474 Θισβεῧτιν,
1442 2409 1495 2466 sed
1520 2409 1631 2468 similia

294 2526 402 2584 parum
424 2509 583 2586 diligenter
604 2510 717 2586 scripta
738 2510 829 2568 etiam
850 2509 924 2567 alibi
945 2509 977 2567 iu
999 2508 1263 2569 senatusconsulto
1285 2508 1474 2581 offendimus,
1500 2517 1530 2568 et
1550 2518 1630 2569 recta

293 2607 388 2687 legati
414 2609 559 2669 Thisbaei
584 2610 684 2669 Roma
713 2610 835 2669 domum
861 2610 931 2669 navi
962 2611 1006 2668 ita
1033 2610 1143 2669 reverti
1171 2617 1346 2687 potuerunt,
1380 2619 1414 2669 ut
1445 2610 1630 2687 appellerent

293 2706 496 2786 Naupactum,
520 2712 602 2788 quod
622 2712 766 2789 oppidum
792 2720 858 2770 tum
878 2710 1056 2770 Aetolorum
1077 2719 1156 2783 erat,
1183 2720 1214 2770 et
1234 2712 1412 2788 Anticyram
1433 2711 1465 2770 in
1487 2710 1629 2770 Phocide.

295 2806 372 2868 Cum
406 2811 671 2871 commendaticiae
702 2830 763 2872 non
793 2819 933 2889 petantur
964 2811 1023 2871 nisi
1054 2811 1163 2889 legatis
1189 2811 1422 2883 Thisbaeorum,
1455 2811 1529 2870 mire
1561 2830 1630 2870 con-

295 2909 441 2969 ceduntur
462 2921 493 2971 et
507 2912 668 2972 Thisbaeis
689 2922 720 2972 et
735 2911 911 2985 Coronaeis,
932 2912 987 2989 qni
1009 2911 1157 2973 Coronaei
1178 2921 1334 2989 praeterea
1354 2912 1384 2970 in
1406 2920 1470 2970 toto
1492 2920 1631 2972 senatus-

294 3011 432 3070 consulto
460 3031 520 3071 non
547 3014 748 3072 nominantur.
797 3015 939 3087 Accedit,
966 3014 1048 3091 quod
1074 3021 1149 3072 teste
1174 3011 1264 3071 Livio
1290 3030 1326 3070 eo
1351 3011 1419 3087 ipso
1444 3029 1539 3083 anno,
1569 3031 1630 3090 quo

296 3107 434 3169 Coronea
460 3119 550 3188 capta
578 3123 639 3184 est,
665 3133 768 3172 eorum
795 3131 888 3173 causa
911 3115 943 3172 in
965 3122 1071 3174 senatu
1093 3121 1161 3172 acta
1181 3121 1241 3184 est,
1268 3120 1302 3170 ut
1322 3112 1417 3170 multo
1439 3120 1509 3171 ante
1531 3113 1628 3172 cleiis

295 3228 386 3286 quam
408 3213 446 3271 de
468 3213 628 3274 Thisbaeis
655 3221 778 3274 senatus
804 3211 978 3292 decrerit¹).
1021 3212 1123 3289 Quare
1148 3213 1241 3291 legati
1262 3210 1428 3285 Coronaei,
1457 3211 1494 3271 de
1519 3204 1630 3290 ¹quibus

294 3311 441 3372 hocloco
464 3315 577 3391 agitur,
605 3317 632 3375 si
661 3323 732 3375 sunt
757 3315 817 3392 ipsi
838 3316 875 3387 ii,
903 3315 955 3392 qui
979 3322 1051 3392 post
1077 3313 1333 3392 expugnationem
1354 3330 1478 3374 causam
1499 3315 1566 3374 cius
1587 3317 1632 3374 rei

294 3412 433 3488 publicae
458 3415 490 3473 in
517 3424 624 3476 senatu
644 3425 836 3494 peregerant,
864 3415 1050 3493 aliquamdiu
1068 3422 1142 3495 post
1167 3415 1296 3492 primum
1322 3414 1473 3474 decretum
1498 3415 1530 3473 in
1558 3416 1632 3475 urbe

294 3515 403 3572 morati
432 3515 493 3575 sint
519 3535 641 3578 necesse
667 3526 728 3589 est;
755 3527 787 3576 at
813 3526 913 3595 potest
937 3517 1018 3588 fleri,
1048 3523 1081 3577 ut
1106 3517 1160 3575 alii
1188 3516 1250 3576 sint
1270 3516 1398 3575 Romam
1423 3516 1549 3592 profecti
1571 3506 1632 3576 una

295 3631 363 3674 cum
386 3615 548 3676 Thisbaeis
568 3636 624 3693 pro
649 3617 759 3677 vicinis
781 3616 845 3677 suis
867 3617 1063 3694 deprecaturi.
1107 3614 1169 3678 Sed
1189 3636 1257 3676 cum
1284 3635 1358 3676 vera
1383 3633 1476 3675 cauea
1503 3617 1630 3676 inveniri

295 3726 436 3792 nequeat,
457 3718 525 3793 plus
547 3719 645 3777 minus
660 3717 875 3778 verisimilibus
896 3718 928 3776 in
949 3737 982 3777 re
997 3717 1109 3776 nullius
1123 3717 1264 3776 momenti
1285 3717 1428 3776 lectorem
1450 3735 1511 3775 nou
1533 3735 1632 3777 mora-

296 3815 406 3876 bimur.

373 3953 396 4015 1)
420 3955 508 4004 Livius
521 3955 565 4017 43,
580 3957 606 4018 4,
622 3958 654 4006 ll
675 3956 709 4006 ad
728 3971 752 4007 a.
770 3956 836 4007 584:
860 3956 1023 4008 &mereunt
1039 3954 1125 4006 eadem
1143 3953 1175 4007 de
1193 3952 1333 4015 Abderitis,
1354 3968 1418 4021 qaae
1437 3953 1469 4004 de
1491 3953 1630 4009 Coronaeis

295 4043 458 4095 demeterent
470 4045 562 4112 priore
581 4061 655 4096 anno.
683 4046 824 4098 Foucartns
842 4064 868 4112 p.
884 4048 917 4098 58
937 4047 1025 4098 nescio
1045 4047 1175 4112 quomodo
1193 4046 1243 4097 sibl
1256 4046 1382 4111 persuasit
1399 4046 1427 4096 in
1446 4050 1515 4098 anno
1527 4048 1630 4098 Livium

296 4149 395 4186 errasse
420 4143 445 4186 et
468 4152 538 4188 anno
562 4138 666 4187 ‹lemnnr
689 4138 743 4188 584
767 4146 884 4188 senatum
907 4146 960 4188 tarn
979 4138 1012 4188 de
1032 4138 1170 4190 Thisbaeis
1194 4151 1271 4204 quam
1289 4137 1322 4187 de
1341 4136 1484 4188 Coronaeis
1502 4140 1630 4190 statuisse.

297 4228 336 4277 At
360 4242 515 4293 quamquam
535 4229 670 4292 probabile
693 4235 732 4279 est
755 4229 847 4280 eodem
870 4229 926 4280 fere
949 4236 1081 4294 tempore,
1107 4230 1205 4280 scilicet
1222 4235 1346 4279 aummno
1363 4242 1388 4278 a.
1408 4229 1474 4290 58³,
1499 4231 1630 4280 consulem

295 4319 424 4369 Licinium
443 4318 588 4370 Coroneam
608 4334 768 4385 expugnasse
786 4327 812 4369 et
830 4327 976 4384 praetorem
994 4320 1142 4371 Lucretium
1161 4318 1274 4370 Thisbes
1294 4319 1438 4383 recepisse,
1464 4335 1517 4370 non
1536 4322 1631 4371 mirum

295 4416 335 4460 est
354 4409 387 4459 dc
406 4409 547 4460 Coronaeis
566 4411 638 4461 omui
655 4425 750 4475 genere
770 4411 953 4476 suppliciorum
972 4411 1084 4473 affectis,
1112 4418 1142 4461 ut
1159 4425 1201 4461 res
1220 4417 1246 4459 et
1265 4408 1427 4462 Graecorum
1446 4418 1472 4461 et
1490 4412 1571 4476 ipsius
1590 4427 1630 4462 sc·

295 4506 371 4551 natus
390 4501 594 4566 indignationem
613 4508 737 4563 moveret,
757 4501 803 4551 diu
821 4508 881 4552 aute
899 4508 1016 4553 senatum
1031 4502 1181 4553 necavisse
1199 4515 1277 4568 quam
1297 4502 1330 4552 de
1343 4501 1482 4554 Thisbaeis
1501 4504 1631 4554 mitiorem

298 4593 340 4642 vel
359 4599 428 4642 certe
446 4594 531 4642 minus
550 4592 679 4643 crudelem
702 4593 826 4643 rictorem
843 4593 966 4657 expertis.
1000 4588 1057 4644 Nec
1075 4599 1180 4658 propter
1197 4591 1284 4642 locum
1304 4599 1407 4643 senatus
1426 4594 1535 4644 camald
1553 4596 1632 4659 plane

240 4689 241 4693 ’
297 4683 435 4733 obscurum
462 4698 479 4734 a
497 4684 643 4749 Polybiane
666 4685 814 4735 narratione
837 4682 935 4748 optime
959 4683 1113 4734 cohaerente
1138 4682 1322 4733 discedendum
1340 4688 1387 4734 est.
1425 4685 1522 4736 Verum
1545 4693 1584 4733 est
1603 4686 1631 4736 iu

298 4774 422 4837 periocha
437 4775 505 4825 Livii
524 4775 584 4824 libri
604 4776 638 4826 43
657 4775 861 4840 expugnationes
880 4775 1050 4840 complurium
1069 4775 1097 4825 in
1116 4773 1227 4826 Graecia
1244 4774 1346 4825 urbium
1360 4773 1511 4841 monunculi
1527 4774 1630 4824 Licinio

297 4865 422 4927 adscribi3
448 4872 475 4915 at
498 4879 530 4915 ea
553 4865 770 4930 neglegentissimi
794 4866 928 4931 scriptoris
950 4867 1065 4917 narratio
1088 4864 1164 4916 cedat
1186 4878 1290 4915 necesse
1312 4871 1351 4915 est
1373 4866 1406 4915 ils
1430 4878 1495 4928 quae
1514 4878 1546 4912 ex
1566 4864 1630 4927 ipsis

296 4951 413 5004 Liuianis
431 4955 545 5020 reliquiis
563 4957 734 5023 universoque
756 4970 842 5007 rerum
861 4957 952 5007 ordine
973 4957 1114 5008 certissime
1133 4955 1297 5019 colliguntur,
1320 4955 1418 5006 scilicet
1436 4952 1557 5003 Crassum
1576 4970 1629 5006 non

299 5041 345 5091 diu
363 5058 411 5106 pro
433 5046 537 5097 macule
561 5047 644 5113 copiis
661 5044 817 5113 praefuisse,
844 5047 990 5099 Coroneam
1014 5054 1100 5098 autem
1122 5060 1181 5097 eum
1200 5045 1387 5112 expugnavissa
1406 5043 1549 5106 consulem,
1576 5061 1629 5097 non

300 5136 479 5195 proconsule.

765 5278 1173 5289 ——a—-m
