3480 5804
583 538 882 593 osssnvsmonss
901 538 1018 591 umus.
1036 540 1111 591 vus
1435 528 1503 598 151

264 712 433 774 Occasione
460 712 563 769 oblata
590 709 791 768 additamenta
818 709 877 768 duo
904 709 1018 768 subieci
1043 711 1082 769 ad
1102 715 1377 775 commentariolum
1403 718 1508 796 (supra

179 834 206 875 c.
221 814 255 874 11
276 835 306 892 p.
322 811 453 889 biseq.)
476 812 513 870 de
534 810 630 870 Iuniis
652 807 775 871 Silonis.

263 914 430 975 Admonuit
457 912 706 991 Ditteubergorus
732 910 811 970 tituli
839 913 1002 988 prostantis
1029 913 1157 973 Athenis
1185 915 1216 973 in
1244 917 1334 977 domo
1359 918 1507 981 Barbanis

179 1016 337 1077 cuiusdam
362 1007 432 1098 npde
457 1007 489 1070 ri
509 1001 621 1096 βόρειον
641 1013 693 1082 τῆς
713 1003 858 1082 Ποικίλης,
883 1012 957 1072 editi
980 1031 1041 1072 nou
1068 1013 1132 1074 sine
1158 1017 1274 1075 mendis
1285 1018 1313 1095 ¹)
1339 1019 1507 1082 ul’ittaoio

176 1114 245 1193 Ἐφ.
267 1110 343 1200 ἆρχ.
370 1135 401 1174 ιι.
417 1112 513 1185 3765,
540 1113 644 1173 huius:
671 1106 703 1171 sd
724 1106 813 1170 uutvdv
834 1116 960 1171 Βοιωτῶν
978 1111 984 1195 Ι
1001 1104 1135 1180 Εὐβοέων
1156 1118 1267 1200 Λοκρῶν
1285 1115 1292 1198 Ι
1309 1111 1425 1178 Φωκέων
1444 1127 1509 1180 Δω-

178 1206 257 1303 psiwu
280 1217 397 1300 Μᾶρκον
421 1203 564 1290 'loti[v]eou
588 1209 593 1293 Ι
616 1203 733 1297 Μάρκου
760 1206 817 1271 sidu
844 1204 952 1282 Δέκμου
977 1215 983 1291 Ι
1007 1211 1131 1292 ωἱ[ω]νὸν
1158 1213 1293 1277 Σειλωνόν
1315 1219 1321 1296 Ι
1344 1215 1507 1291 ἆνιιτωωάν

179 1318 296 1400 σωτῆρα
317 1312 324 1397 Ι
345 1305 394 1373 καὶ
419 1305 575 1397 εὐεργέτην.
618 1311 741 1374 Silanus
768 1314 818 1373 hic
838 1315 948 1374 vixerit
967 1333 1090 1375 necessa
1111 1326 1158 1376 est
1178 1319 1362 1395 temporibus
1383 1330 1435 1382 aut
1455 1342 1508 1383 ex·

179 1418 286 1479 mamis
308 1417 423 1477 liberae
443 1415 487 1474 rai
507 1413 645 1491 publicae
666 1422 720 1473 aut
739 1424 820 1474 certe
841 1415 971 1491 Augusti
978 1435 987 1487 ς
1008 1435 1075 1475 nam
1097 1427 1167 1493 post
1187 1418 1265 1478 huuc
1278 1432 1507 1498 proquaestores

180 1518 257 1578 nulli
280 1516 482 1577 inveniuntur.
524 1515 589 1574 lam
618 1526 776 1592 postquam
798 1535 837 1575 ex
857 1516 945 1575 titulo
966 1517 1123 1594 Mylaseno
1145 1518 1225 1578 edito
1247 1521 1327 1596 apud
1346 1522 1508 1585 Lebasium

180 1620 277 1679 vol.3
300 1639 330 1678 n.
345 1618 406 1677 409
429 1623 460 1675 et
480 1616 595 1692 optime
615 1615 767 1691 explicato
789 1615 1056 1694 aWaddingtonio
1077 1618 1233 1680 didicimus
1254 1631 1435 1698 praetorem,
1457 1627 1509 1702 qui

181 1718 291 1779 Asiam
311 1719 392 1778 rexit
412 1737 440 1777 a.
454 1736 485 1776 u.
500 1736 527 1777 c.
542 1714 618 1788 678,
646 1715 759 1775 dictum
780 1733 848 1776 esse
868 1717 910 1776 Μ.
931 1716 1050 1777 Iunium
1071 1717 1111 1779 D.
1133 1720 1155 1779 i.
1176 1718 1327 1795 Silanum,
1354 1726 1510 1801 probabile

181 1828 290 1881 estex
311 1839 347 1881 eo
371 1829 474 1879 natum
496 1835 564 1877 esse
585 1817 664 1875 hunc
684 1816 722 1875 dc
744 1835 804 1894 quo
825 1817 942 1894 agimus
964 1818 1004 1877 M.
1023 1818 1144 1879 Iunium
1157 1822 1199 1880 Μ.
1221 1822 1295 1883 AD.
1318 1843 1347 1883 n.
1364 1822 1508 1885 Silanum.

183 1918 354 1985 Secundum
375 1927 504 1981 aetatem
525 1925 712 1994 potestesse
733 1917 773 1976 Μ.
797 1914 918 1977 Silanus
940 1919 968 1977 is
989 1920 1041 1996 qui
1062 1921 1178 1997 legatus
1201 1920 1340 1984 Caesaris
1361 1925 1392 1982 in
1408 1924 1510 1986 Gallia

181 2022 241 2083 luit
261 2040 291 2082 a.
305 2021 366 2080 700
387 2019 491 2095 (Caes.
513 2019 583 2079 bell.
600 2016 681 2078 Gall.
704 2017 793 2093 6‚1)‚
814 2019 885 2077 item
907 2027 993 2094 pater
1013 2022 1144 2081 consulis
1166 2040 1193 2082 a.
1210 2023 1270 2083 729
1292 2025 1333 2084 Μ.
1356 2024 1461 2102 Silani,
1483 2027 1510 2086 si

181 2123 303 2201 quidem
327 2142 396 2183 vere
416 2123 444 2180 is
466 2128 582 2199 patrem
601 2118 704 2178 habuit
725 2117 859 2176 Marcum
880 2116 923 2193 (r.
946 2136 1039 2198 snpra
1058 2141 1088 2198 p.
1104 2123 1154 2182 60.
1170 2122 1232 2200 65).

266 2224 315 2283 De
329 2223 512 2283 Manliomm
525 2221 748 2297 Torquatorum
769 2218 891 2278 interitu
911 2219 976 2278 dixi
994 2219 1039 2296 (p.
1055 2220 1109 2297 66)
1131 2222 1242 2283 oblitus
1260 2226 1299 2283 A.
1315 2227 1418 2286 Manlii
1432 2229 1510 2287 Tor·

181 2325 268 2405 quati
294 2326 378 2397 eius,
404 2325 458 2400 qui
485 2324 517 2382 iu
545 2321 640 2381 turbis
668 2339 695 2378 a.
711 2319 772 2379 696
800 2317 937 2378 Ciceroni
964 2320 1050 2379 affuit
1078 2320 1157 2397 (Cic.
1185 2324 1222 2382 de
1248 2325 1297 2384 fin.
1321 2326 1354 2400 2,
1375 2326 1429 2400 22,
1445 2328 1510 2404 72),

181 2424 291 2487 deiude
312 2426 467 2503 quaesitor
488 2424 526 2483 de
541 2421 656 2480 ambitu
678 2437 705 2478 a
717 2417 777 2477 702
800 2419 944 2479 Milonem
958 2421 1166 2482 condemnavit
1186 2424 1312 2498 (Ascon.
1335 2445 1364 2502 p.
1380 2429 1429 2485 40.
1446 2429 1511 2504 54),

182 2535 291 2605 postea
311 2546 338 2585 a.
355 2526 416 2585 705
438 2542 506 2583 cum
527 2518 720 2599 Pompeianis
741 2518 863 2578 Italiam
883 2520 1005 2595 reliquit
1026 2519 1103 2595 (cie.
1126 2523 1164 2581 ad
1178 2524 1242 2582 Att
1264 2525 1293 2596 9,
1309 2525 1338 2596 8,
1356 2526 1399 2602 1),
1420 2527 1511 2586 Pom·

182 2628 253 2706 poio
274 2644 365 2687 caeso
386 2622 570 2702 aliquamdiu
584 2621 714 2680 Athenis
736 2618 871 2678 exulavit
891 2618 971 2695 (Cic.
993 2621 1032 2680 ad
1048 2621 1120 2681 iam.
1143 2622 1292 2701 6‚1-4),
1313 2643 1385 2685 mox
1406 2646 1432 2685 a
1450 2627 1509 2687 709

181 2728 312 2789 reditum
337 2729 369 2786 in
390 2726 509 2786 Italiam
534 2721 707 2799 impetrarit
732 2717 811 2795 (Cic.
838 2719 876 2780 ad
898 2720 961 2779 Att.
987 2722 1040 2795 13,
1056 2722 1104 2799 9),
1130 2724 1257 2802 denique
1276 2732 1346 2804 post
1365 2727 1511 2803 proelium

183 2828 381 2908 Philippense
403 2847 430 2886 a.
446 2823 524 2898 712,
551 2824 599 2884 cui
623 2823 693 2881 item
716 2820 888 2880 interfuisse
910 2821 1036 2895 videtur,
1062 2821 1287 2886 Samothraciae
1308 2829 1401 2888 Attici
1422 2830 1511 2888 amici

183 2930 279 3009 copiis
301 2934 488 2989 sustentatus
509 2934 556 2985 est
576 2922 695 3001 (Nepos
711 2922 775 2980 Att.
794 2923 829 2979 ll
845 2922 883 2980 cf.
902 2923 964 2999 15).
1007 2924 1102 2984 Plura
1122 2927 1159 2987 de
1181 2945 1217 2987 eo
1238 2929 1318 3005 quod
1340 2929 1432 2988 seiam
1450 2948 1510 2988 nou

184 3030 353 3104 traduntur,
374 3048 429 3088 nec
449 3034 562 3087 certum
583 3034 718 3084 osteum
739 3022 878 3082 ultimum
898 3025 997 3102 gentis
1018 3044 1090 3087 suae
1111 3028 1238 3102 obiisse;
1261 3030 1314 3090 sed
1335 3031 1392 3090 hoc
1411 3040 1511 3107 poste-

184 3132 294 3191 riorem
315 3130 462 3191 Manlium
483 3128 669 3205 Torquatum
692 3123 791 3183 adhuc
810 3142 872 3184 non
893 3124 1002 3185 inveni.

265 3377 289 3441 ι)
317 3379 422 3445 Legitur
440 3379 468 3428 iu
487 3376 606 3441 exemplo
624 3374 680 3427 v.4
699 3383 828 3428 ιΟΥΛΙΟΝ
851 3384 937 3422 errore
956 3374 1109 3438 typographi
1127 3376 1182 3425 sine
1201 3375 1289 3437 dubio,
1309 3390 1366 3426 cum
1384 3377 1411 3425 iu
1429 3383 1510 3426 traus-

186 3470 324 3535 uertptione
342 3471 376 3521 sit
393 3456 503 3530 Ἰαόνων,
523 3484 547 3519 v.
562 3469 578 3516 6
598 3472 731 3518 norton.

625 5153 725 5203 Formis
744 5152 908 5206 Academicis
927 5149 970 5210 (G.
984 5149 1083 5213 Vogt).
