3480 5804
310 499 378 570 188
897 513 1040 564 unsrun

305 693 341 749 de
368 692 575 767 Augustorum
602 686 780 745 necessariis
809 685 911 743 endem
940 686 989 743 lex
1018 685 1152 743 rideatur
1179 684 1336 743 observata
1363 702 1440 743 esse.
1484 682 1636 758 Quamvis

306 801 403 850 autem
430 810 467 848 ex
495 789 619 847 arbitrio
645 787 811 863 principum
839 787 918 848 haud
946 807 1014 844 raro
1040 797 1101 845 tum
1128 785 1303 844 consulatus
1328 787 1491 861 dispositos
1513 804 1581 845 esse
1604 791 1637 843 et

306 894 376 951 lasti
400 891 558 949 ostendant
579 900 608 947 et
629 888 665 947 de
681 889 797 947 Tiberii
818 897 897 945 certe
918 897 1014 946 aetate
1029 887 1090 945 Dio
1108 886 1285 960 affirmet¹),
1307 887 1401 944 nihilo
1417 896 1516 944 tamen
1533 887 1636 944 minus

306 1014 342 1051 eo
365 1004 497 1069 tempore
519 991 650 1049 dubitari
671 989 783 1064 nequit,
805 989 875 1064 quin
898 998 1041 1047 semestre
1063 988 1151 1045 luerit
1171 988 1378 1045 consulatuum
1401 996 1520 1063 tempus
1535 986 1636 1063 legiti-

308 1115 397 1153 mum.
433 1093 533 1150 Etiam
556 1093 610 1150 sub
625 1089 746 1148 Nerone
768 1089 797 1147 id
820 1091 850 1147 in
873 1107 928 1146 usn
950 1089 1097 1146 mansisse
1119 1107 1177 1144 nou
1194 1087 1354 1148 Suetonius
1369 1087 1456 1163 (Ner.
1473 1089 1524 1162 15)
1543 1087 1636 1145 modo

307 1205 418 1264 narrat,
441 1213 508 1251 eum
530 1191 703 1256 consulatus
724 1191 755 1247 in
777 1207 867 1248 senos
888 1190 1064 1266 plerumque
1086 1206 1205 1245 menses
1226 1207 1294 1247 eum
1311 1189 1431 1247 dedisse
1446 1189 1559 1260 scribit,
1580 1187 1636 1246 sed

307 1303 500 1353 monumenta
520 1310 640 1367 quoque
662 1291 854 1348 confirmant:
876 1309 944 1347 nam
967 1307 1043 1365 quae
1065 1299 1225 1364 supersunt
1246 1297 1314 1346 aeta
1333 1290 1458 1346 fratrum
1474 1289 1636 1346 Arvalium
1655 1345 1657 1349 ,

308 1414 386 1454 anuo
409 1401 488 1453 eerte
510 1393 549 1451 59
576 1392 636 1448 duo
664 1401 777 1448 tantum
805 1390 897 1448 luisse
926 1395 1072 1446 testantur
1098 1389 1254 1445 consulum
1281 1391 1380 1466 paria,
1407 1411 1462 1448 nee
1487 1391 1524 1448 de
1546 1390 1636 1448 anuis

308 1495 425 1571 imperii
447 1493 613 1551 Neroniani
635 1491 848 1567 posterioribus
872 1489 932 1546 ulla
953 1490 1097 1546 habemns
1119 1489 1301 1560 testimonia,
1327 1491 1436 1565 quibus
1457 1491 1637 1550 consulatus

308 1606 379 1654 tune
404 1594 491 1651 aliter
516 1593 669 1650 ordinatos
696 1608 763 1648 esse
790 1600 940 1667 appareat.
983 1588 1063 1646 Nam
1089 1591 1168 1663 quod
1194 1591 1257 1665 ipse
1280 1589 1362 1648 Nero
1389 1611 1406 1648 e
1427 1591 1637 1650 consulatibus

309 1707 448 1772 quattuor
469 1691 630 1752 secuudum
655 1691 775 1766 quidem
797 1699 827 1748 et
847 1690 1041 1748 novissimum
1063 1691 1158 1766 gessit
1178 1700 1353 1762 semestres,
1382 1693 1511 1766 primum
1534 1704 1637 1751 autem

309 1798 497 1863 bimestrem,
522 1792 639 1849 tertium
661 1791 906 1865 quadrimestrem
929 1788 1023 1863 (Suet.
1045 1789 1066 1846 l.
1082 1808 1107 1847 c.
1133 1789 1199 1864 14),
1228 1790 1258 1847 id
1280 1792 1318 1848 ad
1340 1792 1513 1851 consulatus
1534 1793 1638 1868 priva·

310 1906 407 1953 torum
430 1912 489 1950 ηοη
511 1892 654 1968 pervenit,
676 1909 742 1948 cnm
764 1890 959 1965 imperatores
981 1898 1011 1946 et
1031 1891 1083 1964 qui
1103 1902 1330 1966 praecesserunt
1345 1900 1374 1948 et
1389 1893 1441 1968 qui
1456 1894 1551 1951 secuti
1566 1900 1639 1952 suut

309 1997 408 2053 lasces
435 2011 473 2050 ex
498 1991 621 2049 arbitrio
644 2008 697 2064 per
718 2000 834 2066 tempus
848 1989 944 2047 modo
966 1989 1086 2064 longius
1108 1991 1196 2048 modo
1218 1991 1337 2048 brevius
1360 1994 1510 2051 tenuerint
1531 1994 1585 2068 (ef.
1608 2014 1637 2052 e.

309 2115 337 2172 g.
360 2094 430 2152 lasti
452 2086 641 2163 Domitiani).
685 2086 773 2160 Quod
800 2108 895 2165 nuper
916 2088 1079 2164 disputarit
1100 2087 1242 2148 Stobbius
1268 2091 1461 2170 (Philologus
1482 2094 1638 2152 XXXI2

308 2215 337 2270 p.
354 2192 434 2266 266)
460 2190 537 2247 inter
560 2190 674 2264 primos
695 2189 792 2246 fasces
813 2199 843 2247 et
863 2199 1032 2265 postremos
1054 2189 1125 2246 anni
1140 2189 1179 2247 68
1201 2191 1376 2250 inserendos
1397 2210 1465 2252 esse
1486 2195 1528 2252 M.
1552 2193 1639 2271 Ulpii

308 2292 431 2353 Traiani
458 2289 568 2366 patris,
596 2289 627 2345 id
653 2298 699 2346 est
725 2288 857 2345 nundina
882 2289 946 2345 eius
973 2289 1041 2346 anni
1063 2288 1294 2363 quadrimestria
1314 2292 1425 2364 fuisse,
1454 2295 1573 2353 etiamsi
1598 2296 1640 2354 de

307 2393 440 2452 Traiano
466 2388 588 2447 consule
616 2394 695 2445 reete
717 2386 912 2463 iudicarat),
940 2397 1083 2446 mutatam
1105 2407 1174 2448 esse
1195 2391 1369 2449 consulatus
1391 2396 1537 2452 rationem
1566 2397 1641 2454 inde

308 2509 496 2568 nequaquam
521 2487 664 2562 sequitur.
707 2487 786 2545 Nam
808 2505 887 2544 auno
903 2488 942 2546 68
964 2488 1104 2546 eonsules
1125 2489 1293 2548 ordinarios
1314 2503 1380 2550 unte
1401 2503 1509 2570 tempus
1531 2497 1641 2556 bonore

305 2595 434 2671 priuauit
448 2588 530 2646 Nero
552 2598 636 2662 utque
656 2591 687 2644 iu
708 2591 856 2662 struesque
878 2588 966 2645 locam
987 2589 1066 2645 solus
1088 2591 1152 2645 iniit
1165 2591 1340 2649 consulatum
1361 2592 1459 2667 (Suet.
1475 2594 1547 2653 Ner.
1564 2597 1642 2672 43);

309 2696 380 2752 item
407 2692 433 2748 si
459 2708 492 2745 re
514 2707 585 2744 rera
609 2698 678 2762 post
704 2696 830 2746 mortem
850 2689 916 2745 eius
938 2688 1068 2745 inierunt
1089 2687 1239 2747 Traianus
1260 2700 1291 2748 et
1310 2691 1459 2766 Bolanus,
1486 2697 1543 2753 hos
1566 2716 1643 2756 eon·

311 2793 391 2850 sules
420 2789 593 2864 designatos
621 2803 687 2844 esse
715 2787 852 2843 sollemni
879 2787 982 2845 ordine
1009 2787 1079 2845 inde
1106 2796 1169 2846 tuto
1195 2789 1336 2866 colligere
1363 2813 1423 2852 nou
1450 2795 1536 2868 lieet,
1569 2817 1640 2857 eum

311 2897 435 2967 urgente
461 2896 594 2961 ternpore
622 2885 734 2943 Neroni
761 2887 900 2946 defuncto
928 2888 1008 2945 credi
1036 2888 1154 2963 possint
1181 2889 1297 2948 suffecti
1324 2910 1400 2951 esse.
1445 2893 1644 2973 Quapropter

311 3006 492 3066 quamquam
514 2985 653 3042 eonsules
674 3001 729 3042 sex
750 3005 829 3043 anno
845 2986 884 3043 68
905 2996 1023 3062 praeter
1036 2986 1197 3046 Caesarem
1212 2991 1350 3050 videntur
1370 2995 1469 3054 fasces
1490 2999 1642 3074 gessisse,

311 3089 546 3166 quadrimestres
567 3084 739 3142 consulatus
760 3091 830 3143 tunc
851 3084 946 3144 luisse
967 3088 1088 3144 minime
1109 3098 1235 3147 constat

315 3294 516 3306 -ω

391 3459 414 3519 ¹)
441 3459 494 3508 Diu
508 3459 556 3519 58,
571 3459 618 3508 20:
642 3455 688 3508 adv
713 3451 736 3506 δ’
754 3446 795 3507 οὗν
818 3451 912 3508 dadrev
934 3451 949 3508 ri
966 3455 1009 3527 pls
1027 3457 1153 3527 Δομίτιος
1172 3457 1205 3512 tr'
1223 3461 1290 3523 ἑτους
1308 3457 1367 3534 ἦρξε
1387 3503 1543 3536 .........
1570 3472 1599 3522 al
1619 3469 1644 3525 δ’

314 3540 393 3600 ἄλλοι
418 3536 448 3605 ὅς
469 3564 516 3596 που
537 3544 571 3609 r?
589 3543 701 3613 'l'rlirplp
725 3544 805 3613 ἔδοξε.
837 3537 894 3605 rad·
916 3546 958 3617 plu
979 3539 1026 3618 ‚dp
1050 3549 1089 3600 tnt
1107 3543 1270 3622 paupdrapov,
1295 3549 1353 3615 rade
1372 3557 1400 3608 66
1418 3558 1457 3610 Η
1476 3551 1643 3634 βριχιῖπρον

313 3631 343 3688 ἂν
361 3630 444 3708 ᾗριῒτο
463 3631 506 3685 aad
522 3625 580 3693 rade
597 3633 640 3702 pla
659 3633 694 3684 lsi
713 3637 752 3686 nal
771 3636 874 3687 ἓέσσον
891 3637 936 3689 τοῦ
951 3639 1098 3708 τεταγμένου
1117 3633 1283 3708 ἆπῆλλισσι,
1309 3653 1363 3706 τοῖς
1386 3647 1415 3699 dl
1432 3649 1474 3700 aad
1492 3649 1531 3702 lat
1549 3656 1645 3706 πλιῐον

313 3718 405 3796 ἇρχιιν
428 3720 520 3773 leidae.
557 3716 604 3786 ἤδη
627 3723 656 3775 dl
678 3725 718 3775 nal
741 3725 766 3783 tr
789 3715 850 3777 ἕλον
870 3718 913 3776 adv
937 3720 1045 3778 lstanrdv
1066 3725 1201 3799 ἆκοδιῖξας
1220 3727 1249 3783 ἅν
1266 3754 1321 3786 τινα
1340 3737 1429 3790 larinas
1447 3740 1491 3808 pls
1508 3741 1633 3798 κιτίλυιν

314 3810 396 3882 lrrpor
420 3810 447 3862 bl
471 3807 513 3863 aad
537 3803 610 3863 αὖθις
635 3809 715 3880 {arpen
740 3815 921 3880 αιτιηηθίστῃ·
945 3817 989 3867 καί
1010 3836 1076 3876 τινας
1095 3817 1136 3870 aral
1157 3821 1181 3880 tc
1199 3823 1281 3891 τρίτον
1300 3826 1396 3893 {ripaue
1413 3786 1645 3903 κροχιιριζὸμινοὲ

314 3899 369 3954 alra
392 3894 488 3960 ἄλλους
505 3892 631 3953 daarrdso
647 3895 695 3970 apd
713 3897 790 3954 adadu
808 3899 865 3955 ἄνθ’
883 3905 969 3975 tripos
987 3906 1077 3958 laadan
1109 3910 1149 3961 sal
1167 3913 1221 3980 aspi
1242 3913 1285 3983 pis
1300 3909 1359 3976 rad:
1375 3912 1482 3980 dadrauc
1497 3922 1577 3974 ταῦτα
1597 3917 1645 3977 br«⁸

312 3983 394 4056 πέσῃς
412 3985 442 4049 dc
460 3991 539 4044 staro
556 3991 600 4056 τῆς
616 3986 746 4061 ἡγεμονίας
763 3988 838 4046 «bot
854 3991 970 4064 tylyrna.

390 4099 415 4162 ²)
442 4101 484 4152 De
508 4116 541 4152 ea
563 4117 591 4152 re
615 4104 725 4167 amplius
748 4105 800 4168 egit
821 4106 849 4155 in
873 4106 1035 4170 ephemeride
1059 4108 1154 4162 Plr'lol.
1179 4113 1304 4180 Aru-etp«
1330 4120 1401 4169 1670
1423 4137 1449 4186 p.
1464 4123 1532 4184 259,
1558 4139 1645 4190 quam

313 4192 428 4244 noudum
452 4192 558 4242 allatam
576 4194 603 4241 in
622 4194 712 4242 urbem
730 4208 783 4242 nou
801 4194 874 4244 licuit
891 4199 1032 4248 consulere.
1068 4201 1129 4250 Fuit
1146 4212 1232 4253 autem
1252 4207 1381 4258 Traianum
1399 4225 1470 4261 anno
1483 4213 1518 4262 67
1537 4214 1646 4279 legatus

314 4283 422 4347 legionis
440 4283 556 4332 decimae
575 4281 585 4338 l
591 4283 692 4347 loseph.
712 4283 737 4332 b.
756 4284 778 4333 Ι.
797 4285 853 4346 111,
874 4287 900 4347 ῗ,
915 4288 961 4337 31:
987 4280 1110 4353 spara-tv
1129 4281 1187 4341 dm
1204 4291 1249 4342 aori
1267 4287 1369 4346 &andrae
1386 4289 1513 4368 τᾶγμητος
1528 4293 1646 4372 ἧγιμὸνι

313 4390 336 4420 s.
350 4390 374 4420 a.
390 4372 444 4438 ta),
470 4386 548 4436 quam
571 4387 640 4421 anno
663 4373 807 4437 insequenti
826 4377 893 4424 rexit
911 4377 1017 4427 Lartius
1035 4381 1148 4444 Lepidus
1165 4384 1235 4443 (le.
1254 4387 1398 4449 t·1,t,s;
1423 4392 1456 4441 cl.
1475 4393 1576 4445 Reuier
1593 4411 1645 4446 aar

315 4460 352 4511 lea
369 4461 479 4527 officim
496 4463 541 4527 qai
557 4458 702 4511 aadstbent
720 4479 754 4511 aa
771 4464 867 4514 enasci!
883 4464 915 4514 de
928 4483 1019 4531 quare
1036 4476 1091 4518 tenu
1107 4487 1159 4537 par
1175 4470 1247 4523 Tr'taa
1264 4486 1312 4526 cet.
1331 4494 1357 4542 p.
1372 4480 1425 4540 28).
1462 4483 1543 4534 Anno
1559 4486 1647 4550 igitur

315 4549 349 4599 67
368 4558 478 4599 exeunte
495 4551 536 4600 rel
555 4551 589 4602 68
609 4553 636 4601 lu
654 4552 744 4603 urbem
760 4553 862 4603 ridetur
879 4558 1021 4607 revertisse.
1052 4562 1132 4611 Anno
1150 4563 1244 4613 deinde
1258 4567 1291 4616 ts
1311 4582 1369 4617 eum
1386 4573 1528 4633 proconsul
1541 4574 1648 4626 Adam

314 4638 501 4689 administrarit
522 4640 563 4700 (C.
581 4642 603 4691 1.
623 4640 670 4694 Gr.
689 4643 774 4706 aaut,
804 4644 837 4693 cl.
857 4645 994 4697 Eekbelss
1018 4664 1043 4712 p.
1061 4650 1139 4712 4³5),
1167 4663 1273 4718 propter
1295 4657 1463 4724 decennium,
1486 4662 1560 4727 quod
1584 4672 1648 4718 tun

313 4725 381 4775 luter
406 4729 566 4779 consulatum
590 4738 616 4779 et
639 4735 847 4796 protoasulatum
870 4735 1029 4787 intemedere
1053 4740 1166 4803 solebat,
1191 4757 1245 4794 uun
1267 4747 1323 4797 sina
1346 4749 1531 4812 probabilitate
1553 4752 1649 4808 hm

314 4814 369 4861 eiua
397 4815 431 4862 ad
459 4831 554 4867 anunm
577 4821 611 4868 66
640 4822 792 4872 referuntur.
837 4827 925 4875 Antea
950 4827 1020 4876 enlm
1049 4832 1210 4882 consulatum
1237 4849 1289 4884 nou
1317 4846 1402 4901 potest
1425 4842 1552 4906 gud-a,
1579 4858 1650 4899 nn

314 4913 384 4948 anuo
402 4902 436 4949 67
462 4904 539 4954 llrlsse
566 4909 683 4959 rideatur
705 4913 849 4974 praetorius
871 4923 959 4978 utpote
982 4917 1078 4981 legioni
1101 4924 1269 4985 praepositus.
1313 4926 1449 4980 Simililm
1477 4936 1652 4998 ΗΜ

314 4986 440 5037 adductus
457 4989 612 5056 Borghestus
625 4999 739 5049 verdum
759 5000 887 5053 Bolanum
911 5007 1090 5068 proconsulem
1108 5012 1190 5061 Asiae
1207 5026 1277 5063 anuo
1295 5017 1388 5067 eodem
1406 5019 1512 5085 (0pr
1528 5036 1560 5089 p.
1571 5022 1652 5093 Ν)

314 5083 340 5122 et
359 5075 442 5138 ipsum
461 5091 529 5129 auno
543 5083 576 5132 68
596 5085 694 5136 Neroni
712 5090 844 5142 sult'eetnur
864 5108 919 5143 esse
937 5096 1047 5145 mutent
1066 5098 1093 5155 (t.
1107 5114 1129 5149 n
1149 5102 1166 5149 4
1184 5116 1210 5164 p.
1224 5105 1297 5163 402).
1611 5120 1637 5143 ¹·
1721 5088 1727 5099 ¹
