3480 5804
203 460 228 527 4
623 474 830 526 urnauams
856 472 1113 526 nrlsaaeurcn.

291 642 404 707 Habet
433 649 542 707 autem
570 651 608 706 ut
635 663 719 728 opus
743 641 790 705 ita
813 641 1018 706 continuatio
1042 664 1134 707 suam
1158 639 1396 706 difficultatem.
1442 640 1530 707 Nam

203 756 433 842 supplementa
464 777 537 821 curn
567 765 605 820 ut
633 756 741 840 ipsum
766 753 897 841 Corpus
927 754 1107 821 secundum
1130 756 1283 843 regiones
1306 754 1531 821 distribuenda

202 871 287 954 sint,
317 870 492 956 quotannis
521 869 741 956 particulatim
771 869 823 935 edi
846 892 913 935 non
936 879 1093 954 possunt3
1123 892 1230 955 neque
1254 869 1457 935 onerandum
1481 880 1531 937 est

204 983 335 1070 Corpus
369 985 397 1049 Ι.
433 984 475 1051 L.
518 982 814 1050 additamentorum
848 983 1015 1050 fasciculis
1048 992 1185 1069 propter
1217 984 1327 1070 ipsum
1360 1008 1531 1050 numerum

201 1099 370 1182 molestis,
405 1121 512 1184 neque
548 1097 835 1181 committendum,
869 1107 906 1162 ut
940 1096 981 1163 ad
1015 1097 1122 1182 prima
1155 1120 1303 1183 quaeque
1339 1099 1530 1187 apographa

201 1215 396 1301 plerumque
425 1213 657 1300 inscriptiones
686 1213 720 1277 in
750 1234 789 1277 eo
813 1211 954 1277 edantur
976 1234 1075 1297 saepe
1097 1211 1356 1278 mendosissime.
1402 1213 1531 1280 Rursus

202 1336 312 1393 autem
341 1350 542 1415 magnopere
571 1327 750 1412 optandum
781 1334 850 1409 est,
880 1335 917 1390 ut
946 1326 974 1392 si
1002 1348 1069 1390 non
1101 1326 1210 1391 omnia
1233 1335 1322 1392 certe
1344 1328 1476 1412 potiora
1498 1338 1531 1393 et

203 1443 356 1530 graviora
379 1465 453 1507 cum
476 1441 592 1506 harum
615 1464 724 1506 rerum
748 1440 904 1507 studiosis
928 1440 1080 1506 omnibus
1104 1462 1203 1525 quam
1226 1441 1365 1526 primum
1386 1463 1531 1508 commu·

202 1557 363 1622 nicentur.
409 1555 504 1621 Haec
532 1555 663 1621 diversa
692 1564 725 1620 et
752 1553 994 1640 quodammodo
1025 1555 1188 1619 contraria
1214 1563 1252 1619 ut
1279 1563 1437 1640 quantum
1460 1556 1531 1621 fieri

203 1679 315 1755 potest
343 1670 613 1750 conciliarentur,
644 1669 825 1735 Academia
851 1692 935 1754 quae
964 1691 1051 1734 nova
1074 1669 1143 1734 sive
1166 1669 1201 1733 in
1224 1668 1317 1734 libris
1341 1668 1438 1736 editis
1462 1671 1537 1735 sire-

203 1785 352 1870 epistulis
382 1785 525 1849 virorum
554 1783 728 1849 doctorum
757 1782 934 1848 afferantur
962 1783 1072 1848 statim
1099 1783 1277 1847 examinari
1309 1783 1404 1850 iussit
1435 1794 1468 1850 et
1497 1785 1530 1848 in

204 1898 407 1964 collectanea
430 1899 554 1980 referri,
578 1897 752 1964 editionem
776 1919 854 1962 vero
879 1897 1180 1983 supplementorum
1203 1918 1270 1962 non
1292 1896 1364 1963 fieri
1386 1898 1449 1964 nisi
1472 1921 1532 1984 per

203 2013 377 2078 intervalla
405 2013 530 2078 maiora
561 2020 594 2077 et
625 2011 836 2096 postmodum
868 2011 998 2076 demum
1026 2021 1126 2096 prout
1158 2033 1197 2077 ea
1225 2012 1448 2077 succreverint
1475 2011 1531 2077 de-

202 2125 365 2209 finienda,
393 2127 523 2192 interim
546 2149 625 2192 vero
650 2148 705 2209 ea,
735 2126 854 2211 quibus
876 2125 1058 2217 litterarum
1084 2125 1277 2191 Latinarum
1301 2126 1442 2193 studiosi
1465 2149 1531 2191 non

204 2242 274 2306 sine
297 2241 505 2306 incommodo
530 2240 654 2306 diutins
678 2249 829 2323 careant,
860 2240 971 2306 statim
999 2239 1051 2305 edi
1075 2239 1285 2324 ephemeride
1308 2239 1351 2305 ad
1373 2240 1408 2305 id
1429 2263 1531 2306 unum

203 2355 378 2422 destinata.
425 2355 508 2420 Eius
538 2355 663 2443 negotii
694 2364 727 2420 et
756 2356 896 2420 maxime
929 2352 1147 2441 ephemeridis
1177 2352 1324 2419 edendae
1349 2377 1460 2420 euram
1490 2356 1530 2420 iis

201 2470 410 2555 potissimum
445 2468 678 2552 demandavit,
718 2469 774 2555 qui
808 2469 959 2535 instituto
995 2466 1246 2555 archaeologico
1280 2467 1431 2535 Romano
1465 2471 1531 2535 iam

201 2585 305 2669 ipsius
334 2583 535 2650 Academiae
566 2583 722 2670 auspiciis
752 2592 842 2648 recto
873 2583 1031 2667 praefecti
1064 2591 1150 2648 sunt.
1197 2581 1285 2648 Nam
1314 2593 1352 2648 nt
1373 2584 1471 2650 Italia
1499 2598 1532 2650 et

201 2698 236 2763 in
258 2698 357 2763 Italia
384 2699 525 2763 maxime
554 2697 634 2763 urbs
665 2706 798 2762 aeterna
827 2696 944 2762 horum
974 2695 1157 2761 studiorum
1181 2696 1274 2784 origo
1299 2707 1349 2764 est
1373 2708 1405 2764 et
1428 2698 1531 2764 domi·

204 2811 333 2892 cilium,
361 2810 409 2875 ita
430 2811 625 2877 Institutum
654 2809 737 2874 illud
767 2808 808 2875 ad
832 2809 867 2873 id
889 2809 1013 2894 ipsum,
1043 2831 1109 2893 quo
1137 2831 1199 2875 nos
1222 2809 1403 2895 tendimus,
1433 2814 1531 2878 etiarn

205 2933 281 2990 ante
313 2935 430 3010 sponte
459 2948 519 2990 sna
547 2923 689 2989 tetendit
719 2923 910 3009 nullumque
943 2922 1041 2989 hodie
1071 2932 1162 2990 extat
1194 2927 1453 3012 promptuarium
1482 2929 1531 2992 in-

205 3038 421 3124 scriptionum
449 3038 645 3103 Latinnrum
673 3059 779 3122 nuper
808 3046 1011 3124 repertarum
1041 3039 1148 3104 minus
1176 3040 1403 3126 imperfectum
1433 3065 1531 3127 qnam

205 3161 282 3218 sunt
305 3159 380 3217 aeta
403 3153 473 3218 eius
497 3154 621 3218 maiora
643 3152 845 3238 minoraque.
884 3152 955 3218 Iam
971 3153 1167 3238 Ephemeris
1191 3153 1273 3220 haec
1296 3154 1374 3220 lieet
1392 3156 1438 3222 ibi
1455 3156 1531 3222 edn-

204 3276 274 3347 tur,
302 3267 359 3332 ubi
387 3265 494 3331 editur
517 3263 665 3351 Corpus,
695 3268 788 3332 cuius
811 3290 877 3331 non
902 3275 953 3333 est
975 3267 1039 3332 nisi
1062 3268 1207 3333 accessio
1231 3268 1341 3353 aliqua
1363 3279 1396 3335 et
1420 3281 1531 3336 aucta·

204 3382 298 3461 rium,
323 3381 385 3446 erit
408 3390 440 3446 et
458 3381 531 3467 ipsa
546 3381 695 3447 Instituti
710 3381 951 3471 arehaeologiei
966 3380 1117 3464 Romani,
1141 3404 1375 3469 speramusque
1391 3384 1471 3467 fore,
1494 3395 1531 3449 nt

205 3495 390 3561 coniunctis
418 3496 505 3562 curis
527 3496 687 3562 Italorum
713 3494 1035 3583 Germanorumque,
1066 3519 1205 3582 quorum
1228 3497 1293 3563 illis
1316 3497 1398 3564 haec
1422 3497 1531 3565 studia

204 3609 313 3694 patria
334 3618 429 3692 sunt,
458 3610 510 3677 his
533 3611 598 3675 iam
623 3611 800 3697 adoptiva,
825 3611 988 3677 adiunctis
1011 3612 1089 3675 item
1114 3620 1294 3677 ceterarum
1318 3613 1488 3678 nationum
1512 3637 1531 3678 a

205 3723 433 3790 communibus
456 3724 636 3790 litterarum
660 3725 778 3790 studiis
800 3748 867 3790 non
891 3724 1135 3791 abhorrentium
1160 3726 1292 3809 officiis,
1315 3726 1370 3793 hio
1393 3728 1530 3814 inscrip-

204 3837 331 3903 tionum
361 3837 555 3903 Latinarum
587 3860 703 3904 recens
736 3848 938 3924 repertarum
970 3837 1145 3905 thesaurus
1174 3862 1234 3926 per
1265 3863 1369 3906 annos
1402 3843 1530 3907 futuros

204 3953 306 4018 fontis
329 3953 480 4038 perpetui
503 3953 607 4017 instar
630 3953 816 4018 scaturrist.

295 4066 421 4160 yerum
450 4075 500 4131 est
527 4068 649 4131 fontem
679 4066 787 4132 adhuc
816 4066 947 4132 minime
975 4066 1165 4150 scaturrire,
1195 4069 1294 4135 immo
1317 4070 1373 4135 vix
1396 4070 1529 4136 stillare.

206 4180 294 4246 Nam
319 4202 394 4246 cum
416 4180 512 4246 nobis
535 4182 804 4266 proposuerimus
828 4179 916 4247 edita
939 4180 1070 4247 demum
1086 4182 1253 4248 volumina
1269 4182 1428 4269 Corporis
1443 4185 1471 4250 Ι.
1488 4185 1529 4250 L.

206 4295 298 4362 hisce
322 4294 444 4361 nostris
467 4294 608 4382 pagellis
630 4295 795 4380 supplere,
819 4294 928 4360 adhuc
942 4296 1006 4360 tria
1021 4303 1149 4361 tantum
1164 4296 1356 4382 prodierunt
1372 4300 1531 4385 antiquis·

207 4410 381 4492 simarum,
403 4409 678 4495 Hispanicarum,
701 4409 976 4497 Pompeianarum
1005 4409 1159 4494 penicillo
1183 4409 1301 4477 stilove
1324 4413 1529 4498 scriptarum.

205 4523 315 4591 Erunt
342 4525 445 4613 igitur
475 4525 531 4610 qui
558 4547 620 4589 nos
648 4523 893 4610 reprehendant
914 4531 1051 4609 propter
1072 4546 1325 4611 praeproperam
1348 4527 1530 4593 festinatio-

206 4660 300 4717 nem3
323 4639 383 4704 sed
405 4639 550 4723 videant,
574 4660 616 4704 ne
638 4638 802 4704 fallantur.
840 4637 930 4703 Nam
955 4648 1004 4703 est
1028 4637 1151 4723 aliquid
1173 4638 1206 4704 in
1229 4640 1289 4705 tali
1312 4663 1347 4705 re
1371 4640 1530 4726 coepisse.

208 4749 339 4816 Deinde
363 4753 662 4838 antiquissimarum
685 4752 836 4841 syllogen
859 4761 936 4817 ante
959 4751 1020 4819 hos
1044 4762 1119 4818 octo
1143 4776 1247 4819 annos
1264 4752 1384 4819 editam
1400 4753 1532 4840 supple·

208 4873 354 4929 mentum
377 4866 431 4930 vel
454 4865 552 4931 hodie
575 4867 740 4952 requirere
763 4867 860 4953 periti
883 4888 949 4931 non
973 4866 1159 4954 negabunt,
1186 4888 1248 4933 nec
1271 4876 1427 4952 spernent
1450 4890 1532 4954 quas

209 4977 360 5046 dabimus
376 4978 544 5064 Hispanas
568 4991 601 5046 et
615 4981 833 5068 Pompeianas
856 4980 935 5047 licet
956 5003 1091 5046 numero
1116 5002 1182 5045 non
1205 4980 1252 5045 ita
1268 4981 1396 5047 multas.
1432 4982 1532 5047 Prae-
