3480 5804
351 1426 859 1544 OBSERVATIONES
897 1424 1374 1540 EPIGRAPHIOAE.

762 1715 965 1725 --——---——-

376 1909 434 1967 IX.
479 1907 737 1967 ALPHABETA
759 1906 955 1967 ETRVSCA
976 1905 1176 1966 REPERTA
1198 1901 1350 1966 GLVSlI.

285 2063 344 2135 Qui
372 2062 599 2138 diligentissime
626 2069 655 2120 et
680 2062 855 2122 felicissime
881 2063 1022 2138 antiquae
1044 2061 1182 2119 Etruriae
1204 2057 1368 2136 parietinas
1392 2059 1542 2136 explorat

201 2175 231 2222 ct
251 2164 383 2223 illustrat
403 2162 437 2221 F.
461 2161 672 2222 Gammrinius
695 2163 899 2234 Florentium,
923 2180 1017 2238 nuper
1039 2161 1107 2219 inde
1129 2159 1294 2237 protulit¹)
1316 2159 1440 2237 lapides
1463 2159 1541 2218 tofa·

200 2282 271 2324 ceos
293 2264 370 2323 duos
391 2272 526 2339 repertos
548 2265 578 2323 in
602 2264 740 2340 sepulcro
762 2262 892 2340 quodam
908 2262 1033 2322 Clusino
1051 2261 1211 2338 inscriptos
1231 2260 1403 2338 alphabetis
1421 2259 1541 2336 pluries

200 2367 335 2443 repetitis
358 2366 429 2424 stilo
444 2364 556 2424 leviter
577 2366 720 2437 exaratis,
744 2365 846 2441 qualia
866 2365 955 2423 etiam
977 2363 1048 2420 alibi
1070 2373 1190 2438 reperta
1211 2368 1281 2422 sunt
1300 2361 1391 2419 modo
1408 2363 1496 2439 picta
1509 2362 1541 2421 in

201 2467 365 2546 parietibus
382 2466 585 2525 cubiculorum
601 2466 823 2542 sepulcralium‚
846 2465 935 2523 modo
949 2464 1081 2523 vasculis
1095 2463 1239 2522 cretaceis
1254 2463 1325 2522 stilo
1340 2460 1541 2539 inscriptn2).

201 2567 248 2626 Ea
275 2567 436 2644 alphabeta
461 2585 528 2625 cum
555 2578 585 2625 et
609 2567 733 2644 propria
757 2568 905 2642 quasdam
927 2566 1057 2624 habeant
1081 2575 1199 2623 etcum
1221 2564 1336 2640 origine
1357 2563 1543 2640 vicibusque

201 2670 387 2728 litteraturae
409 2667 536 2727 Latinae
562 2667 783 2744 quodammodo
810 2668 968 2725 coniuncta
994 2684 1060 2725 esse
1082 2665 1247 2737 videantur,
1274 2666 1312 2723 ab
1334 2664 1425 2723 huius
1447 2664 1543 2740 ephe·

202 2768 324 2827 meridie
347 2769 485 2827 instituto
507 2789 568 2828 non
590 2768 721 2828 alienum
744 2768 840 2826 visum
862 2778 908 2825 est
928 2775 1063 2843 repetere
1086 2784 1122 2824 ea
1143 2766 1331 2841 breviterque
1350 2764 1520 2824 illustrare.

287 2869 322 2925 ln
344 2868 438 2926 altero
461 2886 535 2927 saxo
557 2875 720 2927 cernuntur
740 2869 857 2928 <luobus
872 2868 1008 2927 versibus
1023 2867 1183 2944 alphabeta
1197 2867 1256 2925 duo
1278 2866 1322 2941 (l.
1339 2864 1383 2940 2),
1405 2883 1542 2942 quornm

202 2969 379 3043 posterioris
406 2970 584 3045 principium
612 2970 709 3046 periit.
752 2970 889 3027 Alterum
916 2986 976 3026 uno
1002 2968 1067 3027 solo
1091 2985 1181 3028 versu
1205 2967 1380 3043 inscriptum
1403 2966 1542 3045 incipere

203 3067 321 3125 videtur
341 3069 378 3126 ab
400 3068 551 3144 alphabeti
573 3069 680 3127 litteris
702 3069 819 3127 duabus
841 3071 999 3145 postremis
1023 3068 1088 3145 (3),
1110 3086 1187 3145 quas
1208 3087 1285 3145 quae
1306 3080 1544 3144 praecesserunt

203 3166 234 3223 in
258 3183 334 3226 saxo
356 3168 426 3227 huic
447 3168 518 3226 olim
547 3170 689 3245 contiguo
717 3169 901 3246 perscriptae
928 3169 1065 3228 videntur
1090 3169 1199 3241 fuisse3
1228 3169 1364 3245 sequitur
1391 3169 1543 3227 continno

205 3267 394 3344 alphabetum
409 3268 458 3344 (4)
480 3270 523 3328 ita
543 3269 700 3347 integrum,
723 3278 756 3328 ut
776 3271 865 3329 trium
887 3278 1103 3347 postremorum
1125 3271 1337 3330 elementorum
1356 3287 1416 3328 nou
1433 3286 1544 3346 super·

204 3370 265 3427 sint
291 3371 348 3429 nisi
370 3371 497 3449 vestigia
524 3389 584 3431 non
612 3373 687 3430 eatis
709 3379 799 3430 certa.
844 3372 974 3449 Figurae
996 3372 1162 3431 litterarum
1185 3372 1377 3448 neglegenter
1397 3368 1502 3428 factae
1525 3386 1545 3427 a

204 3470 321 3547 vulgari
344 3473 558 3531 consuetudine
579 3490 639 3530 non
660 3473 786 3532 multum
807 3473 962 3544 recedunt3
985 3488 1041 3532 nos
1062 3490 1114 3531 eas
1130 3472 1237 3530 imitati
1252 3488 1364 3542 sumus,
1386 3477 1544 3546 quatenus

205 3572 270 3647 typi
292 3573 502 3648 permiserunt.
544 3572 623 3634 Sunt
643 3582 742 3632 autem
765 3574 926 3652 alphabeta
947 3582 1089 3650 quattuor
1110 3575 1197 3631 haec:

312 3669 1222 3754 naetrsemtmrreor

308 3785 1460 3868 stmrmtwrtmrrmotovut

310 3925 339 3980 3.

313 3911 1327 4127 saetrsomtmurttiffl)

208 4146 348 4207 Dubitari
370 4167 430 4208 non
452 4159 553 4229 potest
574 4149 664 4228 plura
684 4150 734 4209 hic
754 4152 928 4226 perturbata
949 4168 1017 4210 esse
1038 4152 1127 4227 culpa
1149 4152 1317 4228 scriptoris,
1339 4150 1403 4209 sive
1417 4148 1545 4210 discens

207 4248 233 4306 is
256 4249 312 4307 luit
334 4251 397 4310 sive
420 4252 574 4329 operarius
597 4253 727 4323 otiosus,
752 4253 882 4312 maxime
905 4252 961 4310 sub
982 4251 1071 4311 finem
1095 4252 1261 4328 alphabeti,
1282 4252 1369 4328 qnasi
1391 4251 1444 4326 qui
1465 4269 1545 4311 sxa·

285 4484 309 4546 ¹)
337 4486 436 4536 Annali
453 4486 506 4536 dell
523 4486 642 4537 Institutio
664 4488 731 4537 1871
753 4502 778 4552 p.
795 4488 909 4552 lbliseq.
930 4504 987 4538 cum
1007 4489 1094 4539 tabula
1113 4488 1221 4538 adiecta.

286 4574 310 4637 ²)
341 4577 481 4643 Composni
500 4592 532 4628 ea
550 4579 577 4627 in
596 4578 662 4629 libro
681 4577 714 4627 ds
726 4576 842 4629 dialectis
855 4578 948 4629 Italiae
963 4579 1092 4629 inferioris
1111 4595 1136 4643 p.
1152 4582 1175 4629 1.
1191 4580 1216 4629 6.
1231 4581 1309 4644 bseq.
1341 4578 1436 4630 Latina
1447 4576 1545 4642 alpho-

209 4666 268 4717 beta
287 4668 382 4718 similia
401 4670 516 4719 visuntur
534 4670 632 4733 passim
650 4670 677 4719 in
695 4669 836 4732 parietibus
848 4669 1015 4735 Pompeianis
1033 4671 1084 4720 vol.
1098 4671 1136 4721 1v
1156 4686 1183 4720 n.
1197 4670 1409 4730 toll-totae,
1428 4668 1492 4719 ium
1514 4668 1545 4719 in

208 4757 294 4820 tegula
313 4759 459 4811 Savariensi
480 4759 530 4809 vol.
543 4759 585 4811 111
603 4775 631 4825 p.
644 4759 707 4810 962.

284 4845 309 4910 ⁸)
337 4847 413 4916 Depo
433 4848 461 4899 lo
482 4855 513 4911 l,
536 4849 715 4902 Gomorrlnios
734 4852 779 4913 ait,
799 4851 933 4918 apparisce
952 4849 979 4901 lo
995 4852 1079 4918 primo
1098 4859 1156 4901 asto
1174 4838 1259 4903 dein
1280 4848 1320 4913 [in
1339 4850 1426 4901 tabula
1446 4856 1486 4899 est
1501 4847 1544 4914 11,

207 4935 273 5001 dopo
294 4938 321 4988 la
339 4941 413 5007 quola
432 4956 481 4991 uon
495 4946 621 5007 poterone
640 4955 708 4993 esser
726 4948 828 5009 semote
840 4936 890 5008 psi
908 4939 1183 4995 didascalcum.
1218 4942 1308 4996 Credit
1319 4943 1347 4995 iu
1359 4939 1446 5008 lapide
1458 4938 1546 4992 inlu·

209 5039 221 5076 l
233 5039 254 5080 M
267 5041 287 5082 1>
301 5042 319 5083 Τ
331 5042 366 5086 Φ.
