3480 5804
205 472 278 545 232
804 484 950 539 ronuta

205 682 274 724 esse
302 662 447 722 Henzeno
478 670 508 719 et
534 660 722 719 Mommseno
749 656 847 716 risum
875 666 931 715 est.
972 655 1040 729 hoe,
1067 655 1138 715 licet
1164 674 1227 716 non
1255 664 1428 733 pugnaret
1455 664 1555 715 6611111

206 783 368 835 6661611111Ι
381 780 477 833 usum,
503 768 602 820 tamen
628 759 672 817 ita
698 776 766 818 esse
793 757 844 816 vix
866 755 1058 833 crediderim:
1091 757 1181 815 etiam
1207 757 1316 817 minus
1343 756 1461 835 placet
1480 754 1555 833 quod

204 866 349 926 Henzeno
371 864 469 922 risum
496 871 558 932 est,
585 877 653 918 esse
675 859 731 918 hoc
753 875 872 917 sacrum
894 855 1013 930 Quirini
1034 857 1207 917 natalicium
1233 859 1328 917 aedis
1358 857 1436 917 eius
1458 857 1554 915 nescio

205 985 265 1042 quo
284 974 416 1041 tompore
430 962 568 1023 refectae.
599 960 815 1019 refecturumne
830 957 949 1017 aedium
963 968 1083 1033 praeter
1094 958 1241 1017 factarum
1264 958 1401 1017 natales
1425 957 1555 1017 celebra·

205 1065 331 1125 bantur?
364 1065 539 1142 priusquam
570 1061 662 1139 igitur
693 1061 730 1118 de
762 1060 841 1118 sacri
873 1056 1002 1132 Quirino
1032 1059 1106 1118 facti
1136 1066 1245 1117 natura
1280 1059 1452 1119 disseram
1484 1058 1555 1117 hauc

204 1176 298 1227 totam
324 1185 400 1242 quae
426 1173 474 1223 est
500 1162 538 1221 de
564 1162 681 1220 aedium
707 1177 859 1219 sacrarum
884 1159 1036 1219 natalibus
1056 1159 1265 1236 quaestionem
1292 1160 1399 1219 rideo
1422 1159 1502 1219 milri
1521 1158 1555 1219 de

203 1267 321 1345 integro
342 1263 559 1324 retractandam
580 1280 657 1321 esse.

288 1368 338 1425 Ex
363 1364 572 1442 hemerologiis
599 1365 756 1439 Augustae
782 1361 889 1420 aetatis
921 1381 1012 1421 unum
1041 1358 1273 1419 Praenestinum
1303 1360 1425 1421 Verrii
1454 1360 1555 1421 Flacci

204 1468 324 1528 disertis
350 1466 451 1525 verbis
477 1464 654 1541 templorum
679 1462 796 1521 natales
823 1462 935 1520 indicat
959 1463 1016 1520 hac
1041 1460 1183 1520 formula:
1214 1462 1270 1520 boc
1296 1460 1371 1537 (rel
1400 1464 1489 1539 quod
1511 1462 1553 1537 cc)

204 1570 250 1629 die
271 1569 351 1627 aedis
374 1608 455 1624 ....
479 1567 611 1623 dedicata
632 1572 674 1622 est
695 1562 773 1638 (Ian.
796 1561 835 1620 87
856 1563 944 1620 Mart.
964 1564 990 1619 1.
1017 1563 1064 1621 19.
1085 1562 1161 1638 Apr.
1179 1562 1226 1620 10.
1248 1561 1308 1638 88)
1331 1562 1478 1624 adiectis
1500 1582 1552 1625 cct-

203 1669 234 1727 in
256 1669 330 1727 solis
352 1665 472 1742 templis
494 1665 593 1723 arisve
614 1664 752 1739 Augusto
773 1662 916 1721 dedicatis
938 1662 1017 1738 (lan.
1040 1662 1069 1721 8.
1095 1662 1141 1721 16.
1165 1662 1215 1721 30.
1235 1663 1315 1738 Apr.
1340 1662 1425 1740 88);
1455 1676 1554 1727 cetera

202 1768 406 1843 hemerologia
426 1771 545 1841 praeter
566 1763 640 1822 haec
660 1764 729 1839 ipsu
749 1763 871 1840 templa,
898 1762 935 1821 de
962 1762 1070 1839 quibus
1097 1762 1235 1821 similiter
1258 1763 1412 1823 referunt
1439 1765 1552 1841 (lats

205 1870 283 1943 Aug.
302 1867 350 1925 10.
374 1866 420 1924 18.
440 1863 505 1939 88),
527 1865 709 1939 reliquorum
730 1864 847 1922 natales
870 1863 936 1922 sola
957 1863 1037 1921 sacri
1054 1862 1111 1921 deo
1132 1862 1336 1925 deaevefacti
1358 1865 1554 1928 indicatione

203 1966 363 2036 occultant,
384 1980 551 2041 perpaucos
572 1962 714 2038 u(atales)
735 1963 826 2022 habet
838 1962 1013 2022 Philocalus
1029 1961 1142 2038 (16113
1164 1965 1243 2040 Aug.
1259 1964 1290 2024 5.
1308 1964 1350 2023 13
1378 1963 1475 2044 Sept.
1493 1969 1553 2047 11).

203 2067 264 2124 iam
289 2064 359 2123 licet
383 2065 477 2123 multa
502 2063 626 2121 deorum
653 2081 738 2122 sacra
759 2083 778 2122 a
798 2062 947 2122 natalibus
969 2061 1148 2138 templorum
1173 2064 1311 2141 profecta
1330 2083 1415 2127 esse
1437 2077 1473 2129 et
1493 2077 1554 2129 tra-

204 2166 299 2225 ditum
320 2173 350 2223 et
371 2182 522 2241 nunquam
544 2163 712 2239 ignoratum
735 2164 783 2235 sit,
808 2172 909 2222 tamen
935 2182 995 2222 nou
1021 2164 1118 2222 solum
1140 2164 1231 2223 ferias
1251 2166 1502 2243 antiquissimas
1524 2173 1555 2231 in

203 2267 309 2325 horum
332 2282 454 2325 numero
480 2281 549 2323 esse
571 2283 632 2322 non
654 2282 742 2341 posse
764 2264 968 2323 Mommsenus
994 2263 1097 2338 docuit
1115 2260 1151 2323 0.
1171 2264 1198 2322 I.
1219 2263 1256 2323 L.
1286 2266 1311 2337 11
1331 2286 1369 2343 p.
1395 2269 1478 2343 876,
1499 2270 1553 2333 sed

203 2368 293 2427 etiam
319 2367 356 2426 de
381 2366 483 2424 multis
510 2383 549 2423 ex
574 2366 752 2441 posterioris
782 2364 849 2424 aevi
881 2365 975 2423 sacris
1008 2372 1087 2423 certe
1115 2363 1243 2423 dubitari
1268 2376 1390 2442 potest.
1436 2374 1553 2449 quibus

202 2467 438 2528 dubitationibus
465 2483 534 2524 raro
561 2465 741 2541 scriptorum
767 2465 948 2524 testimoniis
968 2464 1139 2524 liberamur.
1181 2483 1217 2524 ac
1237 2466 1350 2527 mirum
1380 2480 1435 2531 est
1458 2474 1553 2552 quod,

202 2587 270 2628 cum
291 2568 405 2644 aliquot
424 2566 540 2624 natales
564 2567 663 2642 sparsi
690 2565 879 2624 inveniantur
904 2566 935 2623 io
960 2566 1139 2641 antiquioris
1159 2565 1304 2626 historiae
1322 2568 1436 2645 libris,
1465 2575 1553 2635 velut

203 2667 346 2744 Capitolii
368 2667 449 2743 (Liv.
467 2666 495 2738 7,
518 2665 562 2741 3),
584 2662 720 2724 Castoris
742 2664 785 2741 (8,
808 2664 847 2724 48
869 2665 921 2723 ubi
942 2674 1041 2724 tamen
1062 2666 1217 2741 erratum),
1237 2667 1386 2741 Mercurii
1411 2672 1462 2749 (8,
1483 2673 1549 2753 21),

200 2769 256 2828 Dii
278 2767 360 2825 Fidii
381 2767 524 2843 (Dionys.
540 2766 570 2836 9,
586 2765 650 2840 60),
672 2766 703 2823 in
725 2784 761 2823 ea
783 2765 932 2823 annalium
954 2775 1049 2842 parte,
1068 2765 1100 2823 in
1121 2783 1180 2841 qua
1200 2786 1255 2844 per
1275 2769 1423 2847 singulos
1447 2794 1550 2839 11111166

201 2887 300 2928 rerum
329 2885 481 2926 sacrarum
507 2864 729 2923 vicissitudines
760 2874 933 2923 constanter
964 2875 1182 2939 enumerantur,
1213 2866 1360 2929 Livianus
1389 2874 1467 2935 dieo
1495 2879 1548 2939 de-

202 2967 292 3026 cadas
319 2986 338 3023 a
363 2965 452 3022 tertia
479 2964 518 3023 ad
544 2965 688 3040 quintam,
715 2983 753 3022 ne
780 2983 856 3024 unus
885 2965 1004 3042 quidem
1031 2973 1166 3025 servatus
1187 2976 1241 3025 est.
1283 2970 1368 3044 quod
1391 2978 1547 3053 expedire

202 3084 263 3125 non
277 3082 401 3140 possum
415 3064 474 3121 nisi
485 3063 810 3147 sumpserim-auctores
819 3064 900 3122 Livii
917 3082 1078 3143 usurpasse
1093 3066 1202 3125 librum
1219 3067 1360 3144 aliquem,
1378 3074 1494 3153 inquo
1505 3098 1545 3139 ex

201 3165 375 3242 pontificum
396 3162 553 3221 annalibus
580 3162 783 3223 dedicationes
810 3165 988 3240 templorum
1011 3166 1124 3224 relatae
1145 3177 1246 3226 essent
1264 3169 1414 3233 detractis
1435 3185 1544 3240 tamen

202 3266 307 3325 diebus
328 3263 490 3334 nataliciis,
510 3263 622 3340 quippe
643 3265 694 3340 qui
714 3263 746 3322 in
766 3264 949 3324 kalendariis
972 3265 1106 3325 adnotati
1126 3275 1273 3328 extarent.
1314 3271 1345 3329 iu
1368 3278 1546 3341 annalibus

202 3376 300 3426 autem
332 3366 394 3424 illis
421 3373 473 3423 aut
504 3372 584 3424 certe
611 3366 643 3423 in
669 3384 768 3425 annua
795 3367 947 3441 pontificis
972 3367 1076 3426 tabula
1092 3385 1149 3443 per
1169 3371 1299 3445 siapuics
1327 3374 1401 3449 diet,
1430 3388 1471 3439 nt
1500 3382 1543 3441 ait

203 3466 285 3528 Serv.
311 3466 350 3525 ad
371 3467 409 3526 Α.
434 3467 462 3537 1,
485 3466 555 3538 373,
586 3465 645 3523 hoc
673 3474 718 3524 est
744 3465 896 3543 adscripta
928 3467 988 3526 diei
1019 3474 1100 3538 nota,
1131 3468 1205 3527 haec
1236 3488 1354 3548 quoque
1388 3482 1542 3555 exposit.

200 3568 320 3627 fuerunt
345 3566 397 3642 (ci.
418 3565 562 3625 Huebner
581 3564 684 3625 Julrb.
706 3568 735 3642 s.
757 3567 836 3625 Phil.
862 3566 940 3626 1859
962 3586 992 3644 p.
1011 3567 1097 3642 480).
1146 3588 1186 3628 ex
1211 3570 1258 3629 his
1285 3572 1379 3649 igitur
1405 3578 1540 3643 sinceris

200 3669 334 3727 fontibus
356 3673 408 3726 aut
428 3684 468 3723 ex
482 3665 667 3725 kalendariis
689 3666 906 3742 antiquioribus
921 3666 1020 3726 Varro
1042 3669 1162 3744 aliique,
1183 3670 1291 3746 quibus
1304 3691 1378 3734 usus
1392 3685 1444 3739 est
1460 3680 1538 3743 Ori·

201 3767 278 3838 dius‚
300 3767 445 3823 natalium
463 3766 635 3823 memoriam
650 3766 840 3841 repetierunt,
862 3787 988 3844 quorum
1003 3769 1182 3828 testimoniis
1197 3772 1291 3831 adiuti
1304 3775 1537 3853 Augustani-um

201 3865 472 3939 hemerologiorum
503 3865 727 3940 ambiguitatem
758 3866 936 3941 aliquotiens
967 3868 1110 3944 expedire
1145 3888 1313 3948 possumus.
1370 3877 1424 3937 ubi
1459 3884 1537 3945 talia

202 3965 374 4024 testimonia
395 3964 535 4045 deficiunt
554 3974 676 4040 putatur
697 3982 746 4023 res
767 3966 865 4025 redire
890 3969 929 4026 ad
950 3968 1064 4028 dierum
1085 3977 1182 4031 notas.
1224 3973 1268 4031 ita
1288 3975 1456 4039 Merkeline
1479 4002 1537 4061 per

202 4073 267 4126 tota
287 4063 500 4141 prolegomena
520 4064 665 4124 fastorum
685 4067 799 4142 passim
822 4069 973 4128 contendit
999 4070 1115 4130 natales
1141 4074 1318 4150 templorum
1344 4087 1374 4137 et
1394 4084 1537 4145 maxime

202 4186 316 4237 eorum,
344 4185 420 4242 quae
441 4166 596 4242 Augustus
623 4166 803 4227 dedicaverit
827 4168 892 4227 sola
910 4186 940 4227 11
966 4179 1039 4229 nota
1058 4171 1202 4249 insignita
1222 4192 1299 4247 esse,
1328 4177 1380 4236 ubi
1401 4179 1467 4241 alia
1488 4185 1536 4247 in·

203 4268 354 4340 veniatur,
386 4275 438 4326 aut
462 4268 592 4326 natalem
617 4285 677 4326 non
706 4285 774 4327 esse
807 4279 859 4328 aut
889 4288 1007 4331 errasse
1038 4272 1207 4333 kalendarii
1238 4284 1403 4337 auctorem:
1435 4284 1536 4347 veluti

200 4370 283 4428 Iovis
309 4367 440 4427 tonantis
467 4367 556 4426 aedes
583 4367 719 4427 dedicata
744 4378 791 4428 est
815 4369 877 4428 kal.
900 4368 994 4448 Sept,
1021 4374 1072 4449 qui
1097 4375 1162 4434 dies
1189 4376 1221 4434 in
1241 4377 1335 4436 Amit
1356 4387 1485 4443 notatur
1507 4402 1535 4447 s.

203 4470 256 4530 sed
275 4469 360 4527 illam
375 4467 513 4527 Merkelii
533 4467 765 4544 disputationem
786 4490 824 4530 ex
845 4480 930 4548 parte
943 4474 1146 4535 Mommsenus
1166 4476 1308 4535 refutarit
1324 4497 1355 4555 p.
1367 4478 1438 4539 866.
1457 4483 1535 4547 877.

203 4571 264 4629 alia
289 4568 434 4627 dubitatio
460 4568 555 4627 oritur
581 4568 618 4627 de
645 4570 724 4629 binis
750 4570 925 4648 pluribusve
951 4574 1034 4635 aedis
1061 4577 1148 4635 unius
1176 4578 1335 4639 natalibus.
1377 4597 1449 4639 nam
1479 4586 1536 4647 ubi

202 4672 274 4731 bina
301 4670 426 4747 plurave
451 4669 580 4727 numinis
602 4671 735 4729 eiusdem
756 4690 842 4733 sacra
862 4684 1014 4748 notantur,
1034 4695 1112 4753 quae
1132 4679 1248 4738 natales
1272 4695 1339 4738 esse
1359 4679 1535 4761 videantur,

203 4773 373 4847 quaesitum
398 4777 445 4829 est
473 4770 571 4829 sintne
599 4772 626 4830 ei
650 4771 835 4833 diversarum
856 4774 974 4836 aedium
995 4795 1035 4837 an
1056 4781 1216 4839 earundem
1236 4779 1379 4839 factarum
1399 4780 1536 4847 refecta·

202 4890 335 4946 rumque.
378 4870 521 4930 fluctuant
546 4879 576 4931 et
600 4872 739 4933 Merkelii
764 4885 794 4934 61
820 4874 1011 4938 Mommsenii
1037 4879 1146 4940 iudicia
1176 4880 1219 4957 (v.
1248 4881 1336 4941 huius
1364 4881 1467 4942 adnot.
1492 4886 1535 4947 de

204 4967 323 5040 Quirini
345 4977 376 5028 et
396 4968 533 5030 Castoris
555 4973 678 5034 aedibus
701 4973 827 5037 c.1.L.
844 4979 860 5035 1
883 4997 913 5056 p.
929 4978 999 5039 385.
1023 4981 1108 5057 395).
1149 4983 1204 5041 sed
1223 4984 1311 5042 huius
1331 4982 1535 5051 dubitationis

204 5084 296 5127 causa
322 5072 482 5147 praecipua
506 5072 562 5133 fuit
586 5075 666 5151 quod
692 5077 763 5154 quid
790 5078 830 5139 sit
854 5079 956 5140 aedem
982 5081 1103 5141 relicere
1123 5100 1184 5143 non
1205 5093 1292 5143 extra
1312 5084 1534 5149 dubitationem
