3480 5804
600 500 898 554 onsnnvrmouns
916 501 1035 553 erran.
1054 500 1137 553 xm.
1457 485 1530 558 271

205 665 286 742 δικῆν
312 662 484 755 βαρβάρων.
523 665 598 729 δυεῖν
625 666 651 728 δ’
676 671 708 729 ἐκ
733 675 785 730 τοῦ
804 663 967 742 Πολέμωνος
988 661 1073 730 daran
1100 673 1165 730 viria
1192 663 1239 730 uel
1265 669 1417 758 θυγατρὸς
1443 672 1458 747 ἦ
1486 668 1535 745 μὲν

202 764 295 840 ἐδέθη
317 764 409 830 Ka'rei'
424 775 466 848 τῷ
487 765 617 849 Σαπαῖῳ,
640 764 886 849 δολοφονηθὲντνς
907 763 938 831 δὲ
959 774 1043 849 (ante
1065 793 1092 833 a.
1114 792 1143 850 p.
1167 772 1239 834 chr.
1263 775 1299 834 19
1322 776 1396 836 Tac.
1418 797 1488 838 ann.
1504 779 1533 851 2,

204 874 253 934 65.
278 874 331 950 66)
354 864 618 956 ἐχέρινσεπαῒδας
638 863 755 955 ἔχουσιν
776 869 813 955 ἐξ
827 871 931 933 αὐτοῦ·
954 865 1119 933 δυναπεῦει
1142 870 1168 933 δ’
1186 873 1200 932 ὅ
1215 867 1416 960 πρεσβύτατος
1430 875 1533 939 αὐτῶν.

202 976 256 1032 τῶν
277 963 307 1031 δὲ
329 976 380 1045 τῆς
400 966 605 1058 Πνὲοδωρῖδος
631 973 732 1033 νὶιὲνδ
759 964 807 1043 μὲν
833 970 945 1047 ἰδιώτης
971 966 1117 1052 σννδιῴκει
1142 979 1178 1054 τῇ
1201 967 1278 1060 μητρὶ
1303 972 1354 1049 τὴν
1380 975 1490 1063 ἀρχήν,
1518 979 1533 1038 ὅ

204 1063 236 1132 δὲ
268 1065 366 1133 νεωστὶ
394 1065 579 1133 καθέσταται
611 1077 662 1145 τῆς
692 1067 824 1152 μεγάλης
848 1073 995 1161 Ἀρμενίας
1020 1068 1179 1140 βασιλεύς·
1212 1072 1284 1149 ἀυτὴ
1312 1071 1343 1135 δὲ
1371 1070 1534 1156 συνῴκησεν

202 1167 358 1258 Ἀρχελάῳ
386 1166 434 1234 md
460 1167 616 1243 συνέμεινεν
648 1168 741 1252 ἐκείνῳ
769 1167 855 1261 μέγμ
884 1168 981 1238 τὲλους
1006 1178 1117 1255 (tangit
1137 1179 1279 1238 Archelai
1306 1181 1387 1259 regis
1413 1180 1534 1261 Cappa·

203 1276 309 1335 dociae
340 1277 545 1336 evocationem
577 1278 609 1335 in
641 1279 745 1337 urbem
777 1297 804 1337 a.
830 1299 860 1355 p.
888 1277 960 1338 Chr.
991 1279 1029 1336 14
1061 1287 1245 1356 mortemque
1272 1299 1299 1339 a.
1326 1302 1356 1359 p.
1383 1280 1455 1342 Chr.
1480 1285 1535 1355 17‚·

203 1378 241 1435 cf.
269 1377 343 1437 Tac.
372 1396 439 1437 ann.
464 1377 492 1449 2,
514 1376 554 1435 42
587 1386 618 1437 et
644 1377 766 1438 Olinton
791 1379 861 1439 laet.
888 1379 970 1440 Hell.
995 1382 1012 1439 3
1040 1400 1069 1456 p.
1092 1381 1178 1457 438),
1211 1384 1259 1439 νῦν
1286 1370 1317 1439 δὲ
1343 1375 1472 1466 qratia,
1496 1376 1534 1443 τά

204 1500 235 1534 τε
254 1468 407 1555 λεχθέντα
429 1469 545 1555 ἔχουσα
560 1470 656 1562 χωρία
675 1469 724 1537 καὶ
744 1469 822 1537 ἄλλα
835 1472 943 1538 ἐκείνων
958 1471 1142 1564 χαριὲπερα,
1161 1471 1222 1564 περὶ
1237 1470 1275 1539 aia
1289 1478 1399 1565 ἐφεξῆς
1412 1482 1533 1566 ἐροῦμεν.

205 1576 290 1652 Quae
318 1596 386 1637 eum
414 1580 531 1656 egregie
556 1581 736 1639 conveniant
762 1598 829 1639 num
854 1581 942 1641 titulo
964 1579 1141 1658 Smyrnaeo,
1167 1601 1245 1641 nune
1267 1584 1387 1643 demum
1408 1585 1535 1647 addisci·

204 1696 272 1737 mus
294 1678 530 1755 Pythodoridem
555 1690 657 1739 natam
678 1698 745 1740 esse
766 1701 805 1741 ex
825 1683 961 1741 Antonia
986 1690 1016 1741 et
1037 1683 1075 1741 ah
1097 1683 1153 1742 hac
1174 1683 1242 1761 ipsa
1262 1686 1397 1744 Antonia
1417 1689 1535 1763 generis

205 1780 395 1855 splendorem
421 1781 612 1855 potissimum
638 1781 797 1857 proficisci.
845 1783 946 1841 Aliter
973 1783 1052 1841 enim
1080 1784 1228 1861 explicari
1253 1769 1366 1862 nequit,
1399 1789 1480 1863 quod
1505 1795 1536 1849 et

205 1880 340 1938 Antonia
364 1879 418 1938 illa
442 1879 611 1957 appellatur
636 1872 777 1963 rv'quirse
808 1884 969 1961 agnomine
996 1884 1080 1960 regio
1107 1892 1137 1943 et
1163 1884 1226 1942 filia
1254 1877 1415 1969 φιλομήτωρ
1441 1886 1537 1964 (qnod

206 1998 354 2058 agnomen
395 1981 467 2040 item
502 1981 580 2058 gerit
618 1981 650 2039 in
691 1981 779 2040 titulo
809 1982 916 2070 ‘Attico
954 1984 1034 2042 edito
1074 1991 1145 2060 post
1180 1986 1257 2045 alios
1291 2004 1311 2044 a
1345 1987 1536 2064 Bergmanno

92 2101 94 2105 ’
205 2081 325 2140 Bulba.
348 2082 368 2141 l.
390 2100 415 2140 c.
443 2101 473 2159 p.
497 2081 536 2140 82
564 2082 634 2140 hoc:
667 2077 681 2139 ὃ
709 2076 822 2158 δῆμ[ος]
853 2075 1036 2148 [lucaman
1061 2078 1255 2169 IIvSadwps'dn
1284 2078 1474 2171 praeadrepoe)
1506 2098 1537 2149 et

206 2200 302 2258 nepos
346 2176 547 2265 θυγατριδοῦς
580 2182 730 2242 Antoniae
774 2185 945 2260 praeteritis
986 2185 1052 2243 avis
1087 2185 1204 2245 duobus
1240 2187 1368 2263 aviaque
1401 2196 1535 2264 patema.

205 2281 346 2358 Denique
360 2283 439 2358 quod
460 2284 491 2340 in
505 2284 680 2360 parentibus
695 2284 826 2343 Zenonis
848 2284 1057 2344 enumerandis
1072 2293 1168 2346 mater
1187 2288 1293 2364 regina
1306 2295 1420 2364 patrem
1434 2307 1536 2366 regem

206 2383 366 2458 praeeedit,
389 2401 425 2442 eo
440 2383 623 2460 significatur
637 2385 746 2460 opinor
766 2403 891 2462 regnum
906 2384 996 2444 Ponti
1018 2387 1062 2444 ita
1076 2387 1218 2464 coniuges
1233 2388 1324 2447 simul
1338 2389 1481 2463 tenuisse,
1502 2397 1537 2450 ut

205 2483 243 2543 ad
269 2484 504 2561 Pythodoridem
535 2485 634 2562 potius
661 2494 810 2562 spectaret
840 2503 930 2560 quam
963 2485 1001 2543 ad
1028 2486 1232 2547 Polemonem.
1275 2488 1423 2564 Equidem
1455 2500 1536 2550 certe

124 2590 127 2594 ’
205 2584 294 2643 aliam
317 2586 382 2644 eius
405 2585 610 2646 collocationis
631 2585 776 2645 rationem
797 2585 934 2645 idoneam
952 2586 1065 2645 nullam
1079 2588 1242 2665 perspicio;
1269 2607 1338 2648 nam
1353 2607 1535 2668 quamquam

205 2685 269 2744 fieri
296 2695 407 2762 potest,
433 2694 466 2745 ut
486 2704 546 2763 quo
569 2697 703 2764 tempore
725 2695 826 2745 statua
847 2686 961 2746 Zenoni
987 2687 1124 2747 dedicata
1149 2695 1204 2762 est,
1231 2689 1396 2750 Polemone
1417 2702 1535 2753 mortuo

205 2787 389 2865 Pythodoris
416 2787 483 2847 sola
508 2788 655 2864 regnarit,
680 2796 804 2865 propter
829 2806 896 2846 earn
922 2806 1058 2861 cauam,
1086 2790 1168 2865 quod
1194 2800 1281 2867 pater
1301 2801 1438 2852 mortuus
1460 2802 1535 2867 erat,

207 2896 301 2948 mater
326 2898 425 2948 autem
451 2889 482 2948 in
509 2889 601 2962 viris,
630 2894 717 2965 pater
745 2888 833 2946 matri
859 2890 1001 2966 postponi
1027 2909 1087 2950 non
1115 2890 1227 2950 debuit.
1275 2889 1389 2952 Contra
1414 2897 1535 2973 generis

206 2990 348 3065 splendor
369 3000 400 3049 et
413 2990 512 3066 ipsum
527 2990 746 3066 quodammodo
767 3007 892 3066 regnum
913 2990 940 3049 si
956 2990 1202 3068 proficiscebatur
1222 2991 1260 3050 ab
1275 2993 1409 3054 Antonia
1421 2995 1536 3073 Pytho·

207 3091 322 3151 doridis
344 3098 449 3163 matre,
471 3098 501 3150 et
521 3091 579 3150 hoe
599 3091 793 3168 intellegitur,
818 3110 871 3151 cur
891 3092 998 3151 marito
1019 3092 1158 3151 defuncto
1185 3112 1246 3153 non
1266 3093 1347 3154 filius
1368 3095 1397 3154 ei
1417 3113 1536 3157 succes·

207 3192 291 3263 serit,
313 3193 366 3251 sed
389 3211 468 3250 uxor
488 3193 577 3252 etiam
599 3199 689 3252 antea
702 3210 759 3252 suo
777 3192 843 3253 iure
864 3210 994 3270 regnans
1010 3200 1117 3270 postea
1130 3194 1199 3254 sola
1212 3195 1354 3271 regnarit,
1376 3205 1406 3256 et
1426 3199 1536 3257 marito

206 3311 259 3351 cur
290 3301 501 3370 praeponatur.
552 3290 650 3365 Quam
683 3293 722 3350 ob
753 3312 815 3352 rem
848 3294 923 3353 haec
948 3294 1084 3353 Antonia
1114 3311 1263 3370 quaenam
1295 3312 1363 3355 csse
1395 3299 1537 3372 potuerit,

206 3393 371 3451 videamus.

288 3494 426 3553 Aetatem
457 3492 609 3552 Antoniae
640 3492 858 3568 quodammodo
891 3493 1034 3553 definiunt
1065 3511 1142 3570 quae
1168 3495 1205 3554 de
1236 3495 1300 3554 filia
1328 3495 1535 3573 Pythodoride

205 3595 332 3671 eiusque
354 3594 496 3673 progenie
518 3593 629 3652 tradita
648 3594 803 3653 habemus.
846 3593 956 3653 Filium
978 3595 1194 3672 Pythodoridis
1215 3604 1288 3654 natu
1312 3596 1457 3657 minorem
1479 3599 1535 3659 Ze·

206 3715 314 3756 nouem
333 3713 426 3774 supra
439 3696 567 3755 vidimus
589 3714 617 3754 a.
633 3715 662 3772 p.
679 3693 749 3755 Chr.
768 3695 805 3756 18
820 3695 974 3754 florentem
995 3697 1132 3755 iuvenem
1153 3697 1185 3756 in
1198 3697 1408 3757 venationibus
1423 3699 1536 3775 epulia-

206 3816 265 3875 que
282 3798 407 3871 versari,
428 3797 521 3856 filiam
541 3805 665 3874 nuptam
687 3795 777 3874 cotyi
798 3797 863 3874 regi
882 3795 1031 3857 Thraciae
1052 3798 1133 3858 circa
1152 3798 1231 3858 idem
1245 3805 1363 3875 tempus
1377 3800 1534 3860 interfecto

90 3959 92 3963 ,
206 3899 424 3975 habentemque
450 3899 562 3959 liberos
588 3917 616 3958 a.
637 3917 668 3975 p.
690 3896 762 3958 Chr.
787 3899 824 3959 19
852 3897 984 3957 nondum
1011 3898 1140 3972 adultos,
1171 3907 1206 3959 ut
1232 3908 1315 3959 tutor
1339 3918 1442 3961 eorum
1467 3901 1534 3961 loeo

206 4018 330 4078 regnum
344 4001 462 4059 interim
477 4007 619 4060 tractaret
635 3999 773 4075 (Tacitus
788 4017 855 4058 ann.
869 3999 897 4073 2,
911 3998 976 4076 67).
1004 3998 1196 4077 Quapropter
1208 4019 1275 4060 eum
1290 4001 1345 4061 lilii
1359 4000 1534 4062 Polemonia

207 4108 238 4158 et
251 4100 466 4178 Pythodoridis
488 4111 557 4160 ante
571 4119 682 4160 annum
696 4109 775 4160 eerta
790 4100 851 4160 750
865 4101 928 4159 nati
949 4101 1010 4160 sint
1031 4110 1061 4161 et
1073 4119 1197 4161 numero
1216 4109 1279 4161 tres
1296 4102 1416 4175 luerint,
1437 4104 1534 4178 ipsius

207 4201 424 4280 Pythodoridis
444 4203 560 4262 natales
581 4210 650 4262 ante
664 4220 774 4260 annum
789 4208 868 4261 certe
883 4200 942 4261 ‘127
959 4202 1130 4274 reiciantur,
1151 4204 1243 4262 immo
1258 4203 1413 4279 probabile
1435 4212 1481 4263 est
1494 4202 1534 4263 ad

208 4320 320 4361 annum
341 4300 510 4363 essaeos
531 4302 722 4364 adscendere.
754 4301 805 4361 Ita
823 4320 884 4379 quo
905 4311 1038 4379 tempore
1053 4301 1162 4365 Strabo
1181 4303 1304 4380 scripsit
1324 4303 1535 4381 quinquagesi-

207 4421 289 4463 mum
316 4403 379 4463 fere
406 4422 517 4463 annum
543 4405 651 4481 agebat
676 4405 829 4481 vitamque
856 4402 1030 4481 protrahere
1055 4405 1153 4483 potuit
1179 4405 1219 4463 ad
1244 4422 1272 4463 a.
1302 4425 1330 4465 u.
1358 4422 1383 4463 c.
1412 4403 1469 4462 791
1495 4427 1532 4455 --·

208 4525 237 4583 p.
253 4503 326 4565 Chr.
342 4505 393 4578 38,
407 4522 467 4582 quo
481 4504 606 4566 Polemo
621 4504 743 4564 ultimus
757 4523 812 4563 rex
825 4504 918 4564 Ponti
931 4521 1057 4583 regnare
1070 4503 1213 4582 eoepit¹).
1234 4537 1273 4549 -
1296 4503 1385 4579 Quod
1400 4505 1426 4564 si
1441 4503 1533 4563 Wad·
1608 4497 1612 4506 ’

287 4760 312 4826 ¹)
339 4759 503 4830 Quemquam
523 4768 661 4831 postquam
682 4762 904 4829 Waddlnsstonius
928 4763 1016 4815 docuit
1042 4763 1111 4816 hunc
1133 4765 1161 4816 in
1184 4763 1296 4815 nummis
1319 4763 1381 4815 anni
1403 4763 1441 4814 sni
1466 4763 1537 4815 tertii

211 4854 310 4905 mltum
327 4868 419 4920 gerere
434 4854 511 4921 pnerl
527 4868 656 4907 annorum
676 4854 732 4907 lere
755 4854 902 4922 qaindecim
925 4856 1012 4921 itaque
1032 4870 1080 4920 pro
1097 4854 1154 4906 filio
1171 4854 1357 4920 Pythodoridis
1374 4853 1464 4905 haberi
1482 4869 1536 4905 non

210 4959 297 5011 poue,
313 4945 425 4997 lorum
441 4945 510 4997 inter
526 4958 587 4996 enm
603 4946 772 5013 ultimumque
783 4946 952 4998 Polemonem
964 4947 1166 5014 interponendas
1178 4953 1217 4998 art
1228 4946 1337 4999 Polemo
1350 4943 1536 5010 Pythodoridia

210 5035 280 5089 llius
297 5036 383 5089 arator
399 5036 437 5101 h,
460 5051 537 5104 quem
555 5037 714 5106 aliquandiu
737 5054 796 5091 eam
815 5044 897 5090 matre
914 5054 1022 5105 regnum
1040 5039 1233 5091 administram
1251 5038 1345 5093 Strabo
1365 5036 1460 5091 scribit.
1498 5035 1537 5087 At

210 5140 272 5181 eum
285 5128 381 5185 strab*
622 5138 706 5185 nm
722 5131 784 5185 nvn
799 5146 908 5199 reguum
927 5147 985 5184 eum
1004 5146 1036 5183 ea
1053 5131 1234 5184 administrare
1246 5130 1362 5197 desiisse,
1380 5128 1463 5196 mugla
1482 5139 1536 5179 cre·
