3480 5804
618 440 917 495 oasauvsurouns
937 440 1053 493 aaran.
1072 442 1122 493 xa
1459 430 1532 506 225

202 613 335 672 diversis
358 611 544 671 diversarum
567 612 685 670 urbium
707 619 737 670 et
758 611 838 687 apud
852 610 1013 686 Polybium
1034 611 1192 670 mirificum
1214 622 1261 672 est
1282 624 1313 674 et
1333 635 1429 693 paene
1451 623 1539 684 dixe·

203 714 262 772 rim
287 712 478 784 incredibile,
507 732 574 772 cum
595 713 623 771 is
645 729 811 770 consensus
833 718 913 769 recte
935 729 968 770 se
989 712 1097 771 habeat
1118 713 1149 770 in
1170 713 1295 774 honoris
1318 718 1535 797 significatione

202 815 339 890 legitima
361 814 560 889 diuturnoque
581 831 639 872 usu
659 819 789 888 recepta.
825 811 944 872 Deinde
965 829 1042 887 quae
1063 814 1218 872 attulimus
1240 823 1405 898 στρατηγοῦ
1425 816 1535 883 ὁπάτου

164 954 171 963 -
203 914 339 990 lapidum
367 914 540 973 testimonia
566 923 681 971 tantum
703 913 802 984 abest,
830 921 862 970 ut
883 912 1096 989 appellativum
1118 916 1226 973 summi
1247 916 1333 977 ducis
1354 923 1535 985 mentionem

204 1014 379 1085 admittant,
412 1023 445 1072 ut
472 1014 625 1090 propriam
653 1013 846 1089 magistratus
875 1012 1147 1072 denominationem
1176 1020 1345 1077 necessario
1372 1025 1535 1099 requirant.

203 1112 312 1189 Neque
334 1114 414 1172 enim
430 1114 529 1186 video,
552 1133 611 1191 quo
632 1114 698 1172 iure
719 1114 854 1189 posuerit
868 1113 1120 1189 Waddingtonius
1135 1114 1305 1176 Romanum
1326 1121 1536 1197 magistratum

203 1215 236 1273 in
263 1223 386 1273 senatus
412 1215 558 1273 consultis
580 1213 700 1290 quidem
720 1214 855 1292 legitima
876 1213 1077 1290 appellatione
1098 1213 1249 1291 designari
1270 1218 1424 1295 debuisse,
1451 1235 1484 1284 at
1505 1227 1537 1286 in

205 1314 303 1373 titulis
325 1315 353 1371 ei
375 1314 519 1373 dedicatis
541 1315 676 1390 ipsisque
698 1314 835 1392 epistulis
858 1313 896 1372 ab
918 1331 954 1370 eo
976 1313 1054 1372 datis
1077 1315 1215 1375 sufficere
1236 1320 1365 1394 quodvis
1387 1342 1447 1383 non
1468 1345 1537 1403 pro·

205 1415 304 1491 prium
324 1416 502 1473 vocabulum
524 1415 568 1472 rei
590 1424 702 1490 aptum.
739 1415 835 1473 Immo
856 1433 955 1491 neque
970 1412 1155 1474 Graecorum
1177 1434 1251 1476 usus
1272 1428 1303 1478 et
1323 1421 1416 1482 multo
1438 1428 1537 1487 minus

205 1514 382 1574 Latinorum
403 1515 542 1588 admittit,
566 1525 599 1573 ut
619 1533 720 1592 regem
741 1516 790 1574 vel
810 1515 963 1574 consulem
986 1515 1033 1574 vel
1055 1517 1218 1591 quemlibet
1236 1520 1363 1597 denique
1378 1527 1536 1602 magistru-

207 1624 270 1672 tum
291 1616 429 1676 enunties
450 1616 574 1693 proprio
595 1616 720 1674 honoris
742 1616 861 1674 nomine
883 1633 1047 1691 suppresso
1070 1617 1292 1695 substitutoque
1312 1622 1344 1680 in
1359 1625 1424 1683 eius
1439 1627 1537 1688 locum

206 1715 354 1774 vocabulo
380 1717 441 1775 alio
463 1717 501 1774 ad
523 1716 678 1774 arbitrium
700 1717 804 1775 electo.
848 1715 946 1790 Quam
967 1718 1091 1775 obrem
1113 1735 1180 1776 cum
1201 1719 1276 1780 baec
1296 1723 1458 1799 explicatio
1480 1731 1538 1788 rei-

207 1815 313 1873 cienda
334 1817 384 1888 sit,
405 1816 590 1875 redeundum
611 1827 659 1875 est
680 1817 800 1874 omnino
822 1816 860 1873 ad
882 1833 974 1892 supra
994 1818 1179 1894 propositam
1202 1830 1232 1878 et
1252 1821 1416 1884 defensam.

291 1913 352 1975 Sed
372 1925 488 1975 restant
508 1917 710 1976 dubitationes
731 1915 878 1992 quaedam
894 1915 1130 1993 Waddingtonii,
1152 1921 1263 1994 quibus
1280 1921 1340 1980 iam
1354 1927 1537 2002 responden·

208 2016 277 2074 dum
298 2025 358 2087 est;
380 2015 489 2093 dignae
510 2017 588 2076 enim
611 2027 682 2075 sunt
703 2017 802 2075 solida
822 2017 887 2075 eius
902 2017 960 2074 viri
979 2016 1123 2091 doctrina,
1146 2036 1238 2096 aquo
1252 2022 1343 2082 etiem
1358 2025 1408 2084 ubi
1423 2026 1539 2087 diesen

208 2118 276 2189 tias,
292 2135 408 2194 semper
420 2117 570 2194 proficias.
606 2117 741 2176 Primum
757 2117 838 2193 quod
852 2117 967 2175 monuit
980 2121 1144 2201 στρατηγοῦ
1158 2111 1267 2177 6τάτου
1282 2124 1464 2184 vocabulum
1479 2146 1538 2187 non

207 2217 334 2277 inveniri
355 2218 413 2277 nisi
434 2219 465 2276 in
486 2217 581 2276 titulis
602 2217 829 2294 proconsulum,
850 2235 911 2274 non
931 2219 1097 2290 consulum,
1118 2219 1218 2295 itaque
1233 2223 1314 2282 vices
1328 2223 1427 2284 faeere
1441 2222 1540 2283 α’νθυ-

208 2311 300 2376 πάτου
323 2318 463 2378 vocabuli
484 2328 592 2396 postea
613 2320 732 2378 demum
752 2317 923 2390 introducti,
944 2318 976 2376 id
997 2320 1064 2394 ipsa
1084 2338 1117 2377 re
1137 2319 1295 2394 refellitur,
1317 2324 1344 2381 si
1365 2333 1446 2384 recte
1468 2344 1539 2405 sup·

209 2420 358 2496 plevimus
374 2429 495 2478 senatus
511 2420 679 2479 consultum
693 2419 730 2477 de
744 2418 960 2477 Prienensibus
975 2425 1005 2476 et
1020 2416 1129 2478 Samiis
1146 2439 1172 2478 a.
1186 2419 1246 2478 619
1269 2421 1312 2498 (p.
1331 2424 1414 2500 156).
1446 2426 1539 2487 Prae-

208 2531 292 2580 terea
316 2520 375 2579 etsi
401 2510 575 2577 ἀνθυπάτου
603 2519 780 2578 vocabulum
806 2521 981 2578 recentioris
1008 2519 1133 2597 originis
1157 2529 1218 2592 est,
1245 2523 1324 2581 sicut
1349 2524 1449 2600 ipsum
1470 2545 1540 2603 pro·

209 2621 342 2680 consulis
373 2638 559 2697 nequaquam
589 2628 738 2680 vetustum
765 2629 827 2691 est,
854 2620 912 2678 dici
939 2619 1038 2696 potuit
1064 2627 1097 2678 ut
1119 2639 1177 2696 pro
1206 2623 1319 2682 consule
1342 2622 1469 2698 Latine,
1497 2628 1540 2685 ita

211 2720 327 2781 Graece
349 2711 409 2777 <ivri
431 2722 595 2803 στρατηγοῦ
611 2711 719 2778 ὑπάτου
742 2720 790 2780 vel
810 2714 880 2777 ἀνθ’
894 2711 1016 2778 ὑπάτου.
1053 2716 1143 2792 Quod
1164 2722 1217 2796 qui
1237 2723 1446 2800 improbabant
1467 2734 1540 2786 tam·

210 2841 301 2899 quam
328 2821 464 2880 insolens
493 2828 524 2879 et
550 2840 569 2881 a
594 2819 713 2881 Graeco
741 2839 800 2880 usu
827 2821 1006 2893 abhorrens,
1035 2837 1088 2880 eos
1117 2821 1258 2881 credibile
1285 2831 1332 2882 est
1359 2842 1420 2884 non
1448 2829 1541 2887 absti-

210 2924 313 2983 nuisse
334 2930 493 3000 propterea
514 2921 552 2981 ab
574 2921 656 2981 omni
675 2922 798 3000 proprio
820 2921 977 2995 vocabulo,
1002 2921 1056 2979 sed
1077 2921 1249 2998 confugisse
1270 2925 1371 2999 potius
1393 2925 1431 2982 ad
1453 2944 1542 2987 nsum

210 3032 290 3084 certe
312 3021 468 3083 Ciceronis
496 3030 594 3081 aetate
618 3022 710 3100 vulgo
737 3033 889 3100 receptum
915 3020 1110 3097 (Marqnardt
1130 3021 1161 3078 in
1183 3022 1347 3083 enchiridio
1370 3025 1404 3096 3,
1429 3027 1457 3098 1,
1479 3026 1539 3086 277

210 3145 240 3183 n.
258 3124 364 3199 1909),
385 3133 419 3182 ut
439 3123 490 3199 qui
511 3140 566 3200 pro
588 3123 711 3182 consule
734 3124 782 3182 vel
802 3134 858 3200 pro
880 3129 1019 3200 praetore
1041 3127 1129 3192 esset,
1152 3123 1261 3182 consul
1281 3132 1440 3201 praetorve
1463 3125 1544 3186 dice·

211 3234 303 3282 retur.
347 3221 428 3296 Quid
454 3223 536 3298 quod
562 3243 600 3281 ne
626 3223 663 3280 de
690 3231 825 3299 tempore
850 3222 969 3303 quidem
997 3221 1071 3279 satis
1097 3229 1229 3293 constat,
1255 3241 1316 3298 quo
1337 3225 1401 3283 eius
1423 3227 1542 3301 generis

212 3323 359 3382 vocabula
389 3323 421 3380 in
454 3338 621 3380 sermonem
646 3320 787 3380 Latinum
819 3323 862 3379 ita
892 3321 1109 3395 reciperentur,
1141 3330 1175 3378 nt
1202 3322 1255 3396 qui
1282 3340 1337 3397 pro
1366 3325 1543 3400 magistratu

213 3431 302 3496 esset,
324 3423 351 3482 is
373 3421 506 3498 legitime
528 3421 722 3497 magistratus
744 3420 804 3479 dici
823 3439 883 3478 non
897 3427 1011 3496 posset.
1049 3417 1129 3478 Sane
1151 3419 1207 3478 etsi
1227 3437 1288 3478 non
1305 3421 1391 3481 licuit
1405 3402 1544 3484 Ciceroni

213 3523 448 3601 aequalibusque
469 3521 534 3579 eius
555 3520 587 3579 in
609 3520 747 3596 epistulis
768 3518 965 3578 inscribendis
988 3518 1142 3576 consulem
1163 3519 1317 3595 appellare
1338 3523 1390 3598 qni
1404 3540 1460 3598 pro
1474 3543 1543 3584 con-

213 3625 278 3684 sule
305 3631 403 3694 esset,
429 3619 498 3680 inde
526 3637 587 3679 non
608 3628 687 3679 recte
715 3619 841 3697 colliges
869 3618 948 3677 idem
976 3635 1036 3675 non
1063 3617 1187 3677 licuisse
1216 3616 1363 3682 Graeciae
1390 3622 1545 3683 liberatori

215 3725 252 3784 T.
274 3723 456 3782 Flaminino.
540 3718 544 3737 ²

297 3822 429 3885 Gravius
456 3831 516 3895 est,
544 3821 624 3900 quod
644 3830 801 3899 praeterea
822 3820 965 3896 opposuit
979 3817 1232 3894 Waddingtonius
1254 3820 1292 3897 (1.
1307 3838 1332 3881 a
1355 3830 1386 3882 et
1404 3824 1436 3883 in
1456 3824 1544 3885 lastis

213 3925 386 4003 provinciae
407 3924 502 3983 Asiae
527 3942 557 4000 p.
575 3921 685 3998 diseq.
708 3920 754 3980 ed.
777 3919 932 3995 minoris),
959 3917 994 3978 0.
1017 3917 1166 3977 Fannium
1189 3928 1358 3996 praetorem
1380 3941 1408 3982 a.
1425 3923 1484 3984 705
1513 3926 1544 3987 in

214 4025 345 4102 epistula
372 4025 409 4083 ab
435 4023 503 4100 ipso
528 4022 640 4099 scripta
660 4022 759 4081 relata
778 4020 858 4098 apud
880 4019 1041 4096 losephum
1063 4019 1157 4094 antiq.
1181 4020 1359 4092 1t,10,15
1380 4023 1440 4083 dici
1460 4045 1545 4108 στρυ-

214 4119 302 4202 rapis
329 4114 454 4189 ὕπατον,
480 4123 552 4181 item
579 4121 659 4197 apud
686 4120 814 4180 eundem
845 4120 898 4189 14,
922 4118 1015 4189 10‚8
1043 4117 1156 4177 lulium
1186 4117 1298 4178 Gaium
1325 4123 1428 4183 nescio
1456 4142 1546 4201 quem

216 4225 350 4286 eiusdem
372 4221 479 4281 aetatis
501 4222 651 4280 hominem
672 4220 853 4297 pariterque,
875 4228 908 4277 ut
922 4217 1047 4289 videtur,
1069 4227 1210 4293 praetura
1230 4219 1402 4297 fungentem
1420 4223 1451 4280 iu
1466 4225 1546 4300 epis-

215 4326 280 4384 tula
301 4341 356 4383 sua
377 4320 524 4399 appellari
544 4313 704 4402 στρατηγὸν
722 4309 831 4375 ὕπατον
850 4308 1003 4383 Ῥωμαίων.
1039 4316 1174 4374 Admisit
1186 4318 1437 4397 Waddingtonins
1453 4323 1547 4400 signi·

215 4425 300 4485 ficari
321 4423 366 4482 sic
387 4423 491 4482 ducem
512 4421 664 4480 exercitus
684 4417 769 4478 nulla
784 4417 909 4476 honoris
924 4415 1207 4476 commemoratione
1220 4417 1313 4491 factm
1335 4428 1367 4478 st
1382 4421 1413 4479 id
1428 4431 1546 4482 contra·

215 4526 294 4584 rium
314 4541 382 4583 esse
402 4521 612 4582 consuetudini
624 4518 780 4580 Romam
800 4534 893 4595 supra
912 4514 1041 4577 ostendi.
1077 4513 1217 4593 Denique
1235 4518 1287 4595 qui
1301 4519 1447 4596 epistulae
1460 4540 1547 4599 prae·

216 4624 339 4701 scripsit
349 4623 407 4682 sict
422 4610 508 4684 Peiros
517 4609 634 4683 Φάννιος
642 4610 729 4678 Parios
745 4613 804 4680 elie
817 4610 978 4702 πρατηγδς
986 4606 1095 4676 ὕπατος
1104 4606 1191 4691 qu‘mv
1201 4603 1331 4700 ἄρχουσι
1343 4611 1466 4703 χαίρειν,
1479 4639 1547 4682 cum

216 4726 248 4784 in
270 4722 400 4784 nummis
421 4738 458 4782 eo
478 4721 547 4799 ipso
568 4737 647 4781 anno
668 4717 795 4797 rimatis
808 4714 978 4795 appelletur
994 4712 1028 4775 0.
1041 4712 1204 4793 amam)
1214 4715 1374 4795 pontufex)
1382 4718 1545 4798 parator),

218 4844 286 4884 eum
308 4823 376 4902 qnia
397 4821 498 4882 credet
517 4820 549 4881 in
568 4820 624 4881 illa
642 4817 878 4897 praescriptione
897 4809 1059 4901 στρατηγὼ
1079 4832 1113 4877 se
1133 4814 1249 4879 dixisse
1261 4823 1415 4896 tamqnam
1430 4819 1547 4894 ducem,

218 4941 280 4985 non
304 4932 456 5002 tamquam
481 4916 671 5001 praetorem?
711 4916 867 4997 mame,
892 4907 1108 5001 interemptis
1127 4903 1235 4983 &aar
1253 4918 1286 4979 in
1304 4917 1389 4979 hira
1409 4921 1547 5000 epistulis

221 5024 341 5108 seriptis
351 5015 470 5088 menate
484 5020 605 5087 sacoulo
617 5006 727 5085 octavo
739 5016 826 5081 alind
838 5014 1092 5103 dedicet-atque
1103 5012 1420 5097 numm-amissus
1431 5020 1464 5081 in
1477 5020 1548 5083 titu-

865 5144 870 5159 ·
1282 5116 1323 5181 16
