3480 5804
665 453 962 510 onsunvamoxns
979 458 1098 510 nmen.
1118 461 1182 511 vn.
1513 447 1584 520 135

259 623 308 682 lix
335 642 460 700 corpore
484 624 586 701 aliquo
611 626 755 697 militum,
782 628 910 684 maxime
931 649 948 685 e
969 629 1088 706 legione
1108 631 1211 705 aliqua
1230 634 1324 693 lectos
1355 636 1393 693 ad
1420 637 1586 714 expeditio-

260 743 327 783 nem
353 725 574 801 suscipiendam
602 726 748 802 appellari
770 727 945 786 vexillarios
968 736 1070 786 notum
1092 729 1192 805 est¹)‚
1219 735 1291 788 item
1312 738 1501 813 praepositos
1524 739 1586 798 fere

260 835 292 883 ut
316 825 406 885 duces
431 826 577 901 appellari
603 845 671 900 eos,
696 828 749 902 qui
774 828 939 886 vexillariis
965 828 1027 886 illis
1051 848 1107 905 pro
1134 837 1267 904 tempore
1293 846 1451 904 praesunt,
1476 839 1529 896 sed
1552 848 1585 896 ut

259 926 344 985 ducis
370 926 533 1004 appellatio
559 927 802 988 honorificentior
827 928 865 987 de
891 930 1033 991 senatorii
1059 929 1172 988 ordinis
1194 930 1266 988 viris
1291 931 1477 1006 frequentius
1501 948 1584 989 usur—

259 1034 356 1102 petur,
382 1028 547 1104 praepositi
573 1030 672 1087 minus
698 1028 855 1106 splendida
880 1030 1057 1106 plerumque
1083 1031 1122 1088 ad
1145 1031 1292 1106 equestris
1314 1031 1429 1095 ordinis
1451 1030 1588 1090 homiues

259 1126 452 1204 refereturl).

415 1229 474 1299 12.
528 1226 662 1302 Comes
688 1229 847 1327 Augusti
873 1229 1000 1303 nostri.

342 1347 411 1406 Hoc
432 1348 581 1425 pertinere
603 1357 633 1408 et
653 1351 753 1426 ipsum
775 1351 813 1408 ad
827 1351 1049 1428 expeditionem
1065 1349 1275 1410 Germanicam
1290 1353 1380 1411 modo
1395 1352 1536 1411 vidimus.
1548 1384 1586 1395 —

259 1447 346 1521 Quae
367 1448 404 1507 de
425 1450 585 1508 comitibus
608 1460 638 1510 et
658 1451 791 1510 melioris
813 1451 963 1528 aetatis⁸)
987 1459 1016 1510 et
1031 1449 1338 1528 constantinianam)
1361 1454 1434 1512 alibi
1450 1454 1588 1530 exposui,

259 1565 319 1607 non
339 1559 485 1626 repetam:
507 1551 565 1610 hoe
586 1551 695 1609 addam
716 1553 776 1609 inm
798 1553 886 1610 tertio
908 1553 1028 1610 saeculo
1049 1553 1175 1610 inveniri
1197 1557 1322 1612 comitem
1344 1555 1524 1612 tornantem
1541 1572 1586 1611 or·

260 1652 336 1708 dinis
353 1655 444 1726 primi
462 1650 499 1710 1..
521 1651 696 1711 Nummium
717 1652 860 1711 Albinum
881 1654 1034 1712 consulem
1056 1655 1238 1712 ordinarium
1260 1673 1287 1711 a.
1303 1653 1363 1712 246
1378 1653 1534 1728 812631),
1556 1654 1589 1710 18

258 1750 347 1810 titulo
360 1758 470 1824 188888,
491 1753 542 1828 qui
563 1752 750 1828 aliquantum
772 1762 987 1828 postmortem
1009 1755 1163 1813 dedicatus
1186 1772 1254 1813 esse
1268 1753 1404 1812 videatur
1425 1763 1456 1812 et
1476 1752 1589 1828 aliquid

259 1853 391 1911 traxisse
412 1871 452 1911 ex
472 1854 673 1912 locutionibus
695 1854 803 1913 aetatis
826 1854 1021 1930 sequiorisl).
1066 1853 1146 1914 Sane
1166 1855 1255 1913 trium
1278 1855 1415 1912 ordinum
1437 1853 1589 1912 distinctio

259 1970 313 2028 per
338 1971 371 2012 se
398 1954 472 2012 satis
499 1955 622 2030 antiqua
646 1973 713 2013 cum
739 1955 873 2033 legitima
896 1955 976 2014 iacta
1003 1955 1042 2014 sit
1068 1974 1123 2032 per
1144 1953 1374 2015 Constantinum
1397 1956 1531 2025 demum,
1556 1954 1588 2011 in

259 2053 355 2114 titulis
380 2055 432 2112 illo
458 2055 524 2113 solo
550 2065 676 2132 excepto
703 2063 764 2114 tres
789 2056 910 2115 ordines
935 2076 955 2115 a
973 2063 1080 2132 quarto
1102 2056 1221 2114 demum
1244 2055 1365 2113 saeculo
1386 2055 1587 2114 enuntiantur.

259 2153 386 2215 Comitis
407 2155 562 2216 domestici
583 2167 682 2216 autem
703 2157 867 2234 appellatio
888 2155 967 2215 baud
990 2157 1054 2216 seio
1074 2155 1586 2231 88181888881811181818981887)

257 2257 495 2333 crediderimque
521 2257 618 2335 magis
647 2257 850 2316 condicionem
879 2257 934 2314 riri
961 2257 1162 2333 potentissimi
1188 2264 1218 2314 et
1244 2255 1282 2314 ad
1306 2255 1412 2314 intima
1432 2263 1549 2314 secreta
1570 2273 1589 2312 a

258 2357 443 2435 principibus
471 2358 595 2418 adhibiti
620 2359 665 2418 ita
690 2379 710 2417 a
734 2357 864 2435 posteris
885 2357 950 2415 eius
973 2357 1135 2435 significari
1157 2374 1247 2433 quam
1269 2375 1324 2431 pro
1346 2357 1492 2414 vocabulo
1513 2355 1587 2433 legi·

259 2460 331 2519 timo
351 2459 383 2518 id
404 2459 551 2537 usurpari.

413 2559 473 2630 13.
525 2556 686 2656 Legatus
708 2556 867 2655 Augusti
893 2581 962 2655 pro
989 2566 1160 2655 praetore
1185 2553 1398 2655 provinciae
1423 2552 1585 2627 Raetiae.

341 2679 449 2738 Raetia
470 2680 624 2757 provincia
644 2698 711 2738 cum
732 2688 822 2738 antea
843 2679 900 2737 sub
921 2677 1163 2754 procuratoribus
1185 2676 1307 2748 inisset,
1329 2681 1448 2752 postea,
1471 2683 1502 2732 et
1521 2674 1587 2750 qui·

257 2781 325 2840 dem
346 2781 377 2840 ni
398 2781 489 2871 fallor
509 2799 528 2840 a
549 2781 660 2854 Marco,
681 2780 828 2857 legionem
850 2781 1042 2858 legatumque
1062 2779 1178 2855 accepit
1198 2776 1260 2853 (ΙΙΙ
1282 2794 1311 2853 p.
1325 2775 1411 2851 707).
1455 2772 1586 2834 Sabinus

335 3075 359 3138 ¹)
387 3073 552 3126 ernustes
572 3092 606 3116 --·
624 3075 708 3125 49528
729 3070 788 3122 trit.
809 3070 863 3121 mil.
882 3067 989 3137 189111
1004 3067 1114 3138 Hispan.
1133 3068 1293 3121 vexillarior.
1312 3065 1420 3118 eiusdem
1439 3067 1466 3116 in
1484 3064 1585 3132 expedi·

258 3168 325 3219 11888
346 3165 503 3217 &manna
541 3166 647 3216 Tacims
671 3164 730 3217 hist.
750 3165 857 3226 2,1008
881 3179 934 3212 aaa
956 3169 981 3212 et
1003 3162 1138 3212 8188881888
1161 3176 1246 3228 rapae
1268 3166 1292 3209 et
1310 3159 1398 3226 prima
1416 3156 1512 3207 Italica
1531 3172 1585 3207 cum

258 3258 403 3309 resilieriis
421 3258 496 3306 trium
508 3253 715 3306 Britannicarum
734 3254 857 3322 legionum
874 3260 899 3303 et
917 3252 1002 3303 electis
1019 3252 1132 3302 auxiliis.
1163 3252 1289 3305 Similiter
1300 3251 1405 3315 ponitur
1417 3250 1494 3299 etiam
1507 3246 1586 3297 vexit-

259 3349 309 3399 tarn
327 3348 401 3410 (Tac.
414 3347 474 3398 bist.
490 3349 514 3410 1,
528 3348 573 3396 31.
589 3348 614 3409 2,
630 3347 673 3396 89.
690 3345 752 3406 100)
772 3352 798 3394 et
815 3343 948 3394 vacillatio
969 3343 1084 3405 (Henzen
1098 3343 1183 3393 5456:
1198 3341 1361 3407 praepositus
1379 3335 1586 3389 vexillationibus

258 3439 390 3491 milliariis
407 3435 488 3488 tribas
505 3435 661 3504 expeditione
678 3433 842 3485 Brittannica
860 3435 908 3500 189.
927 3430 983 3483 VII
996 3434 1086 3499 petrin.
1105 3429 1178 3482 VIII
1193 3431 1261 3497 Any.
1281 3427 1369 3479 XXII
1382 3427 1504 3495 primia).

334 3528 359 3593 ²)
387 3530 428 3581 Gi.
453 3529 542 3579 titulus
559 3529 590 3578 L.
609 3527 685 3578 Fabii
704 3526 803 3577 Cilonis
823 3525 935 3586 (Marini
953 3525 1012 3575 iser.
1032 3521 1092 3573 Alb.
1111 3540 1137 3588 p.
1152 3522 1211 3583 50):
1236 3519 1397 3571 (1881888111.
1412 3534 1462 3584 per
1479 3516 1585 3566 Italiam

258 3623 380 3674 mereim
401 3623 461 3688 imp.
482 3617 571 3670 Severi
646 3617 795 3686 praeposito
814 3615 970 3666 semilatina.
990 3613 1108 3664 Perinthi
1123 3609 1262 3680 perpentib.
1300 3610 1424 3662 Similiter
1447 3609 1511 3658 alter
1530 3608 1583 3657 dux

258 3714 349 3768 Severi
366 3714 408 3764 Ti.
429 3711 553 3763 Claudius
573 3710 704 3761 Candidus
727 3709 755 3759 in
781 3708 892 3773 equestri
916 3707 1007 3757 ordine
1031 3707 1183 3756 consumtus
1201 3701 1365 3769 praepositus
1387 3700 1438 3749 tuit
1455 3698 1584 3764 capiamini

258 3804 423 3872 expeditionis
448 3802 611 3853 Germanicae
637 3798 773 3860 88888188,
803 3799 897 3849 deinde
923 3799 990 3848 inter
1016 3804 1147 3848 senatores
1174 3796 1268 3845 relatus
1296 3791 1347 3841 dne
1373 3797 1443 3841 terra
1470 3789 1583 3854 marique

258 3898 305 3958 (11,
319 3898 391 3948 4114
405 3915 439 3938 =
453 3894 533 3947 Orell.
547 3892 620 3954 798).
651 3893 684 3942 Ι8
703 3892 776 3940 titulo
789 3891 937 3942 Viruniensi
957 3891 1007 3950 111,
1022 3888 1093 3939 4855
1114 3887 1214 3951 reperio
1232 3883 1417 3948 primipilarem
1436 3880 1521 3931 ducem
1533 3879 1582 3945 189.

257 3987 308 4038 111
324 3987 397 4049 nat,
423 3986 509 4039 ducem
531 3981 761 4051 etpraepiositum)
781 3978 983 4047 1891111489.
1020 3979 1062 4029 De
1084 3977 1223 4043 praepositi
1247 3973 1420 4039 appellatione
1442 3973 1495 4037 egit
1511 3973 1580 4022 Hen-

258 4095 336 4130 zenus
354 4080 382 4129 in
403 4093 463 4128 888.
482 4078 543 4126 inst.
565 4076 636 4126 1850
654 4090 679 4140 p.
693 4075 728 4124 40
737 4088 805 4137 seq,
825 4072 858 4120 ds
877 4071 949 4122 ducis
968 4085 1016 4135 ego
1035 4069 1103 4133 apud
1122 4068 1246 4120 Salletum
1265 4064 1311 4143 die
1325 4061 1433 4114 Firsten
1452 4078 1500 4114 uon
1518 4061 1580 4112 Pat-

258 4187 329 4237 npra
347 4169 440 4232 (1866)
459 4169 487 4219 18
505 4167 647 4233 appendice
665 4172 691 4215 et
709 4166 846 4215 Hennenus
864 4161 940 4212 relat.
960 4159 1031 4226 depti
1048 4157 1145 4209 Arreti
1163 4156 1256 4218 (1868)
1275 4172 1301 4221 p.
1316 4157 1377 4206 102.

333 4259 359 4322 ⁸)
385 4261 455 4312 Vide
473 4261 585 4309 Hermae
603 4257 686 4306 vol.4
705 4271 730 4320 p.
746 4256 799 4304 120
807 4267 861 4316 seq.

332 4350 357 4414 ⁴)
385 4352 455 4402 Vide
474 4349 656 4400 memoriarum
674 4348 734 4397 inst.
752 4338 822 4394 arch.
842 4343 924 4392 8812
942 4357 969 4406 p.
982 4342 1034 4391 302
1043 4354 1099 4404 seq.

333 4442 357 4504 ⁵)
382 4442 497 4493 Fabretti
513 4442 572 4500 100,
588 4440 656 4489 2288
681 4435 812 4486 Tritos-rii.
828 4430 832 4496 Ι
849 4429 887 4482 Μ.
905 4428 1022 4482 Nummio
1041 4427 1136 4479 Albino
1154 4444 1179 4479 8.
1198 4443 1220 4478 8.
1237 4423 1242 4490 Ι
1259 4423 1387 4491 quaestori
1403 4418 1548 4481 candidato,
1571 4415 1576 4486 Ι

253 4535 371 4604 praetori
387 4531 493 4595 urbano,
513 4531 598 4583 comiti
616 4525 621 4592 Ι
638 4527 770 4579 domestico
790 4523 889 4576 ordinis
901 4523 983 4590 primi
999 4518 1158 4586 8118888811
1175 4515 1306 4568 ordinario
1325 4515 1414 4564 iterum
1429 4509 1434 4576 Ι
1449 4508 1580 4561 Nummius

258 4624 388 4678 88888188
405 4626 467 4675 eins.
504 4623 614 4684 Titulus,
633 4621 677 4685 qui
696 4618 780 4668 adhue
798 4621 897 4682 prostat
915 4614 1014 4665 Romae
1032 4613 1060 4661 in
1079 4611 1157 4660 domo
1174 4609 1325 4668 Barberina,
1344 4606 1444 4669 integer
1462 4609 1509 4654 est.

333 4717 357 4780 ο)
385 4717 471 4768 Etiam
490 4715 590 4779 signum
609 4726 671 4762 casu
688 4709 800 4760 secundo
819 4706 934 4771 legitimo
951 4704 1051 4755 nomini
1069 4701 1254 4767 praescriptum
1272 4703 1363 4763 quarto
1381 4694 1485 4745 saeculo
1497 4693 1579 4757 magis

256 4810 389 4878 proprium
408 4813 447 4857 est
465 4820 541 4872 quum
560 4803 644 4853 tertio.
680 4801 748 4851 Vide
766 4797 934 4863 Borghesium
954 4810 1014 4861 opp.
1028 4795 1054 4856 8,
1069 4794 1121 4844 502
1130 4807 1184 4856 seq.

333 4897 358 4961 ¹)
386 4899 456 4950 Care
474 4895 616 4947 contundes
634 4907 694 4943 eum
712 4905 770 4942 cunr
788 4890 882 4941 comite
900 4887 1107 4946 domesticorum,
1126 4884 1160 4933 ad
1178 4896 1254 4947 quem
1273 4879 1400 4945 pertinent
1417 4874 1484 4924 tiurli
1499 4872 1579 4925 Orell.

258 4993 340 5044 8188.
359 4991 431 5041 3194
454 4989 486 5038 ab
504 4988 627 5037 11888888
652 4984 680 5033 18
702 4981 789 5032 188188
809 4997 836 5047 p.
852 4981 906 5031 114
929 4978 964 5030 sd
988 4977 1107 5028 comitem
1125 4973 1293 5025 domesticum
1313 4968 1396 5020 relati.
1433 4963 1579 5017 Orellisnus

257 5089 344 5145 sutem
357 5081 429 5135 1154
447 5080 519 5131 cutus
537 5075 633 5130 indolis
651 5074 693 5138 sit,
712 5072 810 5140 patebit
828 5072 852 5123 el
871 5071 916 5137 qni
933 5068 1053 5134 inspiciet
1070 5065 1217 5131 exemplum
1228 5060 1434 5116 Muratoriannm
1446 5056 1509 5117 481,
1522 5056 1549 5105 4.
