3480 5804
207 472 255 543 64
773 487 956 541 noumsnu

288 662 317 720 5.
357 662 445 720 Iunia
468 659 590 719 Caluina
610 659 689 718 unde
710 676 875 736 cognomen
896 659 1028 730 duxerit,
1049 661 1218 736 ignoratum
1244 661 1420 722 crediderim
1441 682 1531 722 evum

203 764 267 822 eius
295 763 337 822 Μ.
365 760 516 832 Silenum,
542 760 627 819 66166
655 761 751 838 ipsius
778 759 862 818 nulls
887 760 1033 818 memoris
1058 770 1209 837 superest,
1237 781 1364 822 uxorem
1388 763 1532 822 habuisse

202 864 370 924 Domitiam
385 861 542 921 Calvinum
562 861 654 919 filiam
676 878 736 919 cos.
758 878 786 917 a.
801 880 829 927 6,
845 878 871 917 6.
888 859 957 918 701.
974 860 1034 918 714
1056 879 1133 932 eam,
1154 863 1204 919 eui
1217 863 1413 937 probabiliter
1425 862 1534 922 tribuit

203 963 391 1042 Borghesius
419 961 497 1036 (16.
520 961 638 1037 6197)
660 960 781 1019 titulum
798 960 947 1018 brbanum
970 960 1067 1034 (Mur.
1090 961 1183 1032 1785,
1202 961 1257 1037 26)
1278 963 1370 1022 huuc:
1398 963 1532 1022 Domitia

206 1064 357 1126 Calvisius
378 1063 480 1139 [immo
503 1060 654 1136 Calvinae]
678 1060 698 1118 1.
719 1059 838 1119 Natalis
858 1079 886 1117 6.
907 1080 935 1117 a.
951 1059 1024 1118 XX.
1067 1059 1200 1119 'situlum
1221 1063 1328 1139 ipsius,
1353 1063 1385 1122 in
1405 1078 1466 1140 quo
1486 1063 1534 1122 di·

204 1165 282 1224 citur
305 1164 427 1225 Calvina
448 1162 491 1220 Μ.
516 1160 613 1220 Sileni
626 1161 707 1236 filia,
734 1177 827 1236 66666
847 1179 877 1235 p.
894 1161 934 1218 60
959 1161 1121 1219 attulimus.
1165 1161 1212 1220 Ea
1239 1164 1402 1222 secundum
1427 1182 1533 1223 narre-

203 1266 315 1327 tionem
337 1263 437 1323 Taciti
462 1259 638 1332 anu.12,4
664 1278 751 1320 soror
775 1260 832 1318 iuit
852 1259 887 1317 L.
911 1258 1006 1320 Silani
1032 1261 1136 1336 sponsi
1163 1260 1309 1321 06666166
1334 1263 1533 1323 festivissima

203 1367 304 1444 666116
323 1363 454 1442 (Seneca
468 1362 640 1440 11666168).
672 1359 776 1436 Nuptu
796 1359 902 1419 6616616
915 1360 952 1419 L.
964 1360 1088 1420 Vitellio
1110 1362 1226 1420 consuli
1246 1381 1274 1422 a.
1287 1364 1326 1422 48
1347 1382 1420 1423 mox
1433 1364 1533 1423 inces-

203 1474 253 1526 tus
274 1485 342 1524 cum
362 1465 453 1522 fratre
475 1463 527 1521 illo
547 1471 688 1520 accusata
707 1480 726 1519 6
746 1477 851 1520 666666
872 1460 1028 1536 6666611666
1048 1468 1094 1519 666
1113 1471 1143 1520 66
1162 1482 1190 1521 a
1205 1463 1245 1521 49
1268 1463 1437 1523 inexilium
1452 1472 1531 1523 6666.

203 1566 306 1626 Rediit
332 1564 388 1623 sub
409 1562 530 1622 Nerone
551 1581 579 1620 6.
595 1562 634 1621 59
656 1560 745 1637 (Τ66.
766 1561 972 1637 666.14,12)
993 1563 1145 1636 vitamque
1166 1565 1316 1639 protraxit
1335 1564 1374 1622 ad
1395 1573 1532 1624 extrema

204 1676 340 1743 tempora
353 1663 546 1740 Vespasiani,
566 1662 597 1720 id
618 1670 666 1720 666
686 1663 725 1719 ad
745 1681 773 1720 s.
789 1680 814 1720 6.
831 1661 884 1734 783
907 1680 977 1720 nam
998 1680 1065 1720 enm
1079 1680 1116 1719 eo
1130 1672 1263 1738 tempore
1277 1664 1460 1723 msesoleum
1474 1665 1531 1723 im·

204 1773 376 1843 peratornm
397 1771 520 1840 repente
540 1763 699 1839 patuisset,
713 1760 921 1836 Vespasianus
943 1762 992 1834 iis,
1014 1762 1065 1839 qui
1084 1762 1117 1820 id
1136 1762 1196 1839 ipsi
1217 1764 1331 1822 exitum
1351 1765 1531 1839 portendere

203 1866 345 1936 dicerent,
369 1865 526 1941 respondit
545 1863 575 1921 id
596 1861 766 1940 prodigium
787 1862 826 1919 sd
847 1862 965 1920 Iuniam
986 1859 1144 1920 Celsinam
1165 1881 1181 1919 e
1202 1870 1290 1939 gente
1311 1865 1442 1942 Augusti
1463 1884 1533 1941 666·

204 1966 299 2025 616666
321 1954 418 2040 (Suet.
434 1963 528 2039 Vesp.
551 1962 615 2039 23).
657 1962 733 2021 iiam
760 1962 852 2037 igitur
878 1962 957 2020 61666
973 1980 1015 2044 'ea
1034 1970 1171 2039 tempora
1191 1963 1284 2022 vitam
1304 1963 1440 2024 finivisse
1459 1985 1531 2043 pro·

204 2066 304 2125 babile
324 2073 379 2124 est.

288 2165 317 2224 6.
359 2163 399 2222 Ι..
422 2164 525 2222 166166
545 2163 664 2223 Sitones
678 2163 840 2238 Torquatus
861 2160 914 2238 (L.
930 2161 1049 2221 Silenus
1070 2163 1153 2240 spud
1166 2162 1306 2223 Tacitum
1327 2184 1396 2225 anu.
1414 2167 1462 2240 15,
1478 2166 1528 2227 52.

207 2266 260 2338 16,
277 2265 311 2336 76
334 2261 701 2341 repercuterem
727 2262 832 2320 Iunius
857 2261 1021 2338 Torquatus
1046 2263 1128 2339 apud
1152 2263 1283 2324 Dionem
1306 2265 1356 2339 62,
1377 2264 1431 2343 27)
1455 2259 1530 2324 dne'·

203 2388 287 2442 γονος
308 2366 360 2422 τοῦ
377 2358 558 2440 ’6666666666
587 2361 772 2439 (111616.)
798 2371 869 2438 6666
893 2364 988 2439 666616
1015 2372 1141 2422 mortem
1170 2365 1360 2425 immaturum
1385 2367 1531 2428 educatus

202 2467 285 2542 spud
304 2467 427 2525 amitam
448 2465 566 2524 Innism
584 2462 730 2540 Lepidam
744 2461 780 2522 C.
796 2460 896 2521 (166611
918 2481 1042 2522 uxorem
1065 2463 1153 2540 (Τ66.
1168 2484 1238 2524 sun.
1256 2466 1305 2539 15,
1319 2464 1374 2542 52)
1395 2475 1426 2526 66
1445 2487 1473 2526 a
1488 2468 1530 2528 60

203 2567 336 2626 66166666
364 2567 396 2625 in
423 2565 581 2643 collegium
610 2563 733 2640 aliquod
760 2562 950 2622 secerdotum
978 2564 1108 2639 (1166161
1135 2569 1211 2626 Arv.
1239 2586 1269 2643 p.
1292 2565 1348 2637 863
1379 2568 1529 2628 llerekiin

204 2665 311 2743 06666.
332 2686 362 2743 p.
378 2665 453 2738 226)
480 2665 628 2743 Borghesi
648 2665 670 2722 l.
692 2682 717 2722 c.
739 2684 769 2741 p.
788 2663 861 2734 1983
889 2673 1024 2740 superest
1048 2665 1090 2723 ibi
1110 2664 1149 2725 L.
1172 2665 1275 2725 lanius
1298 2665 1419 2727 Silurus
1440 2670 1528 2746 ....)

202 2768 257 2827 snb
280 2766 401 2826 Nerone
422 2784 450 2824 6.
465 2765 504 2824 65
533 2766 664 2823 incestus
690 2773 849 2823 aecusatus
870 2773 916 2823 est
937 2783 1004 2823 cum
1025 2765 1118 2824 emita
1135 2765 1190 2825 illa
1209 2767 1362 2826 commissi
1388 2777 1419 2827 66
1438 2787 1530 2845 6666-

202 2877 286 2927 terea
311 2866 494 2925 interiectus.
547 2864 597 2922 Ex
625 2864 721 2922 tribus
749 2864 910 2934 iratribus,
941 2882 1016 2939 quos
1044 2866 1264 2938 recensuimus,
1289 2886 1358 2927 curn
1383 2867 1530 2929 Decimus

202 2975 327 3043 patruus
354 2967 419 3025 eius
446 2964 563 3022 dicatur
589 2963 681 3038 (Τ66.
706 2963 727 3022 1.
746 2963 803 3040 6.),
836 2963 949 3023 1.66166
976 2964 1055 3023 diem
1082 2964 1189 3024 obierit
1215 2976 1376 3044 antequem
1402 2987 1529 3029 uxorem

202 3065 340 3136 duceret,
360 3064 500 3123 ’11666666
527 3071 642 3138 putrem
663 3063 728 3122 6166
748 3063 844 3134 fnisse
865 3064 977 3122 dudum
999 3065 1180 3124 intellectum
1201 3077 1257 3127 666.
1300 3067 1420 3128 Τ166166
1440 3071 1530 3129 66166-

202 3181 271 3236 nus,
292 3165 405 3241 inquo
426 3181 488 3222 non
506 3163 617 3238 iegitur
637 3163 697 3222 nisi
717 3162 756 3222 L.
778 3163 882 3224 Silano
907 3165 1050 3241 Torquato
1072 3163 1167 3240 (Gnd.
1183 3166 1254 3239 331,
1270 3167 1314 3243 6),
1334 3169 1530 3245 probabiliter

202 3282 223 3323 a
243 3263 412 3340 Borghesio
433 3264 473 3322 ad
493 3263 572 3323 hunc
592 3264 706 3323 relatus
728 3273 784 3336 est,
805 3265 916 3341 quippe
937 3265 989 3340 qui
1009 3265 1049 3323 ed
1069 3265 1200 3325 bonores
1222 3285 1282 3326 non
1302 3269 1440 3328 videatur
1459 3289 1528 3346 per·

202 3364 330 3425 venisse.
365 3362 405 3422 Ι..
420 3362 541 3424 Silanus
561 3364 598 3435 is,
620 3365 669 3424 661
690 3364 855 3441 imperante
868 3362 973 3423 Neres
986 3364 1116 3423 Titinius
1131 3364 1240 3442 Capite
1261 3376 1391 3428 statuum
1413 3369 1528 3431 Romae

201 3465 234 3524 in
258 3465 325 3524 foro
351 3464 453 3543 666616
478 3464 615 3541 (Ρ116166
636 3464 815 3540 66.1,17),
839 3464 935 3524 eidem
959 3464 1037 3524 idem
1059 3465 1190 3524 creditur
1210 3485 1335 3545 eamque
1355 3471 1527 3546 opinionem

202 3585 259 3645 ego
285 3583 405 3642 quoque
431 3575 552 3624 secutus
574 3583 640 3624 sum
660 3566 692 3624 in
711 3564 809 3622 indice
828 3565 985 3636 Plinian03
1011 3572 1140 3625 66666666
1163 3567 1216 3626 ubi
1236 3568 1276 3626 sd
1296 3585 1433 3631 severum
1454 3590 1529 3632 exa-

202 3685 271 3726 men
297 3685 363 3724 csm
388 3683 525 3736 revoces,
550 3664 704 3724 fatendum
726 3674 773 3724 est
792 3664 930 3725 idoneam
951 3682 1073 3725 6666666
1094 3667 1209 3726 nullam
1228 3669 1371 3744 proferri,
1398 3689 1453 3730 cur
1477 3672 1528 3733 1616

202 3765 393 3843 potissimum
417 3765 619 3841 intellegatur.
662 3765 767 3824 Potuit
791 3783 864 3824 sane
889 3764 996 3843 Capito
1024 3766 1067 3827 sie
1087 3767 1236 3830 honorare
1255 3768 1393 3830 ultimum
1414 3790 1529 3833 6666666

202 3884 241 3924 ex
262 3866 391 3942 posteris
411 3865 555 3943 Augusti.

287 3962 421 4026 Stemma
441 3964 556 4024 subieci
576 3981 668 4041 66666
688 3964 777 4025 dietis
798 3966 1037 4027 enarrationibus
1058 3969 1322 4031 accommodetum.
