3480 5804
543 486 592 537 nn
618 487 761 539 aravum
787 485 943 538 arrrc1s.
1329 478 1402 552 247

79 659 143 716 sive
164 657 360 715 ordinandum
383 664 492 714 statum
514 657 674 715 liberarum
688 657 853 728 civitatum,
876 675 952 732 quae
973 657 1168 717 iurisdictioni
1187 669 1402 737 proconsulum

80 757 219 817 subditae
247 776 307 815 non
335 765 446 814 essent.
489 754 568 830 (Gir.
595 776 672 832 quae
699 757 735 815 de
761 777 796 815 ea
821 775 854 814 re
881 758 1020 832 exposuit
1048 758 1194 837 Borghesi
1220 765 1301 824 Ann.
1328 769 1401 829 lust.

79 857 168 917 XXV
200 856 310 933 (1853)
343 876 370 932 p.
406 855 538 932 illsqq.
572 857 634 914 sive
667 856 746 932 Opp.
775 856 803 913 V
836 875 865 932 p.
887 855 1016 932 412sq.)
1065 859 1146 918 Inter
1171 863 1283 924 liberas
1313 871 1402 929 urbes

79 957 212 1015 Achaiae
240 965 338 1015 autem
365 957 530 1033 principem
555 957 656 1014 locum
683 957 823 1015 tenebant
848 957 999 1029 Athenae,
1025 959 1068 1016 ita
1089 970 1123 1018 ut
1143 962 1192 1021 hic
1213 968 1403 1038 potissimum

79 1057 148 1116 illos
170 1057 285 1133 legatos
307 1038 506 1115 commoratos
530 1075 596 1116 esse
620 1064 849 1115 consentaneum
872 1058 925 1128 sit3
951 1076 1043 1132 quare
1069 1079 1106 1117 nc
1131 1061 1162 1119 id
1187 1065 1305 1139 quidem
1334 1088 1404 1130 casu
1481 1118 1485 1125 .

80 1157 190 1215 factum
212 1157 337 1227 videtur,
360 1156 439 1231 quod
460 1158 492 1214 in
507 1157 594 1215 titulo
609 1157 752 1215 Africano
766 1157 921 1215 Pactumci
936 1157 1099 1218 Clementis
1118 1179 1206 1235 quem
1222 1164 1404 1242 Borghesius
1435 1183 1438 1187 ’

80 1258 168 1316 affert
188 1256 446 1330 (Orelli-Hennes
467 1257 563 1332 6483)
591 1259 728 1315 Athenae
750 1258 914 1333 principem
942 1259 1041 1316 locum
1063 1268 1164 1318 tenent
1185 1263 1309 1338 (legatae
1330 1270 1404 1328 Diei

81 1357 232 1415 Hadriani
246 1357 366 1416 Athenis
385 1358 515 1432 Thespiis
530 1357 642 1415 Plateia
662 1362 727 1416 item
747 1363 777 1415 ia
797 1358 969 1433 Thessalia).
1005 1359 1070 1417 Iam
1093 1361 1119 1417 si
1141 1363 1229 1421 etiam
1244 1367 1405 1429 Aemilium

82 1458 208 1515 Iuncum
235 1457 381 1515 eiusmodi
412 1457 544 1534 legatum
571 1458 701 1532 Augusti
733 1476 788 1533 pro
820 1469 957 1532 praetore
985 1460 1023 1517 ad
1055 1463 1262 1537 corrigendum
1295 1478 1405 1528 statum

82 1557 243 1616 liberarum
275 1560 428 1616 civitatum
462 1559 493 1616 iu
525 1559 711 1632 provinciam
746 1558 892 1619 Achaiam
925 1561 1051 1617 missum
1084 1570 1261 1636 statuemus,
1295 1571 1406 1645 optime

83 1659 289 1732 explicabitur,
311 1676 364 1716 cur
385 1667 486 1716 statua
507 1659 633 1716 Athenis
652 1658 798 1715 collocata
819 1659 867 1716 sit.

168 1755 253 1830 Quae
274 1760 374 1816 omnia
395 1759 625 1834 comprobantur
645 1758 733 1816 titulo
755 1755 791 1816 (l.
809 1757 835 1815 Ι.
852 1756 906 1816 Gr.
931 1759 1010 1817 1346
1030 1757 1064 1816 ‘A
1080 1751 1163 1822 πόλις
1177 1755 1247 1822 Tell.
1264 1759 1407 1825 Κλαύδιον

82 1847 254 1940 Ἀρμόνεικον
280 1848 501 1937 Πλειοτοξόνου,
532 1846 666 1920 λαβόντα
695 1851 750 1917 τοὶς
779 1859 830 1918 rie
854 1851 1109 1939 ἆροποπολοιτειόις
1136 1857 1233 1927 resacia
1257 1861 1334 1922 κατὰ
1360 1864 1408 1924 τὸν

83 1948 163 2025 νόμον
183 1947 231 2014 nai
253 1952 310 2014 eiad
336 1959 387 2014 τοῦ
415 1947 518 2025 δόμου,
543 1951 631 2012 uchri
652 1945 700 2013 nai
722 1953 736 2012 ὅ
756 1946 909 2015 θειότατος
929 1949 1115 2041 Αὐτοκράτωρ
1137 1964 1248 2046 Kairap
1271 1963 1408 2047 Τραϊαιιδς

82 2051 227 2137 ιΛδριανός
252 2048 300 2114 nai
325 2049 450 2125 Αἰμίλιος
468 2053 599 2131 Ἰοῦγκος
624 2054 638 2112 ὅ
666 2047 839 2124 δικαιοδότης
866 2047 924 2138 περὶ
947 2052 1038 2114 αὐτοῦ
1057 2049 1232 2120 ἐπέστειλαν.
1276 2064 1325 2125 De
1347 2088 1407 2144 quo

84 2177 151 2216 cum
180 2158 364 2233 Borghesius
394 2164 556 2233 exponeret
584 2155 663 2232 Opp.
684 2156 714 2214 V
738 2176 768 2232 p.
790 2157 895 2231 70sq.,
923 2150 1097 2226 δικαιοδόιηι
1122 2160 1336 2237 interpretatus
1363 2177 1410 2228 est

85 2259 207 2334 legatam
224 2277 281 2334 pro
292 2267 429 2333 praetore
438 2260 606 2332 provinciae
620 2255 759 2325 Achaiae,
782 2257 801 2312 i.
819 2275 844 2313 e.
866 2256 1057 2331 proconsulis
1078 2258 1209 2333 legatum
1232 2255 1408 2348 (πάρεδροι),

84 2359 156 2433 quia
180 2366 244 2417 tum
269 2359 386 2416 nullum
407 2358 499 2415 elium
524 2366 649 2414 noverat
670 2356 752 2413 racis
775 2346 952 2423 δικαιοδότης
974 2374 1061 2413 usum
1083 2358 1141 2415 nisi
1164 2379 1232 2417 eum
1254 2366 1306 2437 qui
1329 2368 1410 2442 apud

86 2456 264 2518 Strabonem
286 2467 331 2516 est
352 2457 410 2515 797
435 2455 481 2526 O,
508 2457 559 2513 ubi
581 2454 765 2531 significatur
786 2473 822 2512 ea
843 2472 915 2511 voce
936 2458 1076 2513 iuridieea
1098 2457 1304 2520 Alexandriae.
1349 2464 1409 2538 Qui

85 2579 152 2618 cum
173 2561 299 2618 alterum
320 2558 419 2615 locum
441 2556 596 2632 dignitatis
617 2556 695 2613 inter
713 2554 866 2612 Romanos
888 2555 919 2610 in
936 2555 1076 2631 Aegypto
1097 2567 1252 2619 versantes
1273 2567 1409 2637 tenuerit,

85 2662 255 2736 proximum
283 2657 399 2716 scilicet
425 2665 495 2730 poet
522 2657 705 2731 praefectum
732 2654 878 2729 Aegypti,
910 2653 1094 2730 Borghesius
1120 2666 1279 2732 putaverat
1304 2666 1409 2723 eodem

86 2761 175 2820 modo
205 2759 295 2818 etiam
327 2777 395 2816 eum
421 2758 472 2832 qui
502 2757 533 2814 in
561 2757 676 2814 Achaia
703 2755 842 2830 proximo
869 2761 938 2830 post
969 2756 1179 2829 proconsulem
1210 2760 1279 2819 loco
1311 2763 1411 2837 fuerit,

85 2865 105 2921 i.
132 2881 158 2919 e.
184 2861 316 2936 legatum
343 2857 548 2934 proconsulis,
580 2857 624 2913 ita
654 2854 757 2912 vocari
786 2854 929 2928 potuisse.
980 2855 1010 2911 A
1042 2874 1103 2930 qua
1130 2861 1277 2919 sententia
1303 2875 1411 2940 postea

86 2962 178 3037 (VIII
199 2980 228 3037 p.
243 2959 371 3034 428sq.)
395 2976 461 3016 cum
482 2956 588 3015 titulos
611 2954 646 3014 Ο.
662 2954 688 3012 Ι.
705 2951 758 3012 Gr.
781 2951 872 3012 4236.
894 2954 943 3011 37.
965 2952 1048 3011 4240
1071 2958 1272 3032 cognovisset,
1293 2963 1323 3021 in
1345 2967 1410 3040 qui.

85 3064 142 3122 bus
165 3064 273 3138 legatae
294 3058 419 3134 Aapaeti
441 3076 499 3133 pro
523 3065 656 3131 praetore
677 3053 786 3130 Lyciae
812 3061 838 3111 et
858 3053 1047 3128 Pamphyliae
1074 3056 1118 3114 sic
1139 3069 1275 3131 vocatur,
1301 3063 1344 3122 ita
1365 3085 1411 3122 re.

87 3164 188 3233 cessit,
209 3170 242 3218 ut
263 3158 440 3217 vocabulum
456 3166 592 3215 accurate
612 3153 794 3230 respondere
814 3152 926 3211 diceret
939 3151 1048 3212 Latino
1066 3174 1194 3229 praeses.
1232 3157 1322 3230 Quod
1343 3165 1412 3223 inde

86 3261 241 3331 conclusit,
264 3257 343 3334 quod
366 3254 484 3315 Graeco
506 3250 593 3329 ἁγνόν
615 3243 790 3318 δικαιοδότην
817 3260 953 3310 accurate
973 3254 1190 3327 responderent
1209 3261 1341 3330 praecidi
1363 3264 1412 3319 ah.

87 3361 296 3427 atiaeatieeimo,
314 3358 447 3431 praecidi
468 3355 646 3427 integerrimo
667 3351 796 3425 quaein
816 3351 1097 3410 titulishonorariis
1118 3353 1238 3412 Latinis
1258 3358 1412 3418 invenian-

87 3471 145 3521 tur.
188 3457 290 3531 Quare
315 3465 368 3514 aut
391 3454 588 3530 proconsulem
608 3449 739 3508 Achaiae
760 3457 820 3519 aut,
847 3450 927 3523 quod
948 3446 1059 3525 Sparta
1082 3451 1178 3510 libera
1198 3457 1270 3513 urbs
1294 3458 1321 3514 ei
1343 3461 1412 3517 sub.

89 3562 151 3620 dita
171 3576 232 3617 non
251 3557 352 3627 fuerit,
373 3562 556 3614 correctorem
578 3551 730 3607 liberarem
751 3552 896 3607 civitatem
912 3553 1079 3623 provinciae
1095 3550 1225 3610 Achaiae
1245 3554 1412 3633 intelligen-

89 3662 160 3720 dum
175 3667 285 3718 censet.
318 3657 419 3731 Atque
441 3653 478 3711 de
492 3650 637 3710 vocabulo
653 3639 830 3716 δικαιοδότης
849 3648 970 3723 quidem
985 3658 1015 3706 et
1028 3648 1157 3723 priorem
1173 3661 1203 3710 et
1215 3657 1413 3729 posteriorem

89 3759 251 3838 Borghesii
279 3756 457 3816 senteutiam
485 3761 566 3811 recte
592 3769 624 3810 se
651 3749 762 3807 habere
793 3749 952 3818 existim03
984 3748 1100 3808 scilicet
1130 3751 1241 3828 duplex
1272 3755 1336 3815 eius
1368 3761 1414 3817 vis

90 3860 299 3938 distinguenda
319 3866 375 3916 cst.
411 3854 492 3914 Nam
514 3846 696 3910 haeretante
715 3848 891 3907 vocabulum
913 3849 965 3908 ubi
980 3849 1016 3907 de
1030 3851 1254 3926 magistratibus
1269 3854 1415 3918 Romanis

91 3968 269 4036 usurpatur,
295 3956 478 4033 respondere
499 3953 607 4011 Latino
633 3955 678 4010 iae
701 3953 806 4021 dicere,
833 3949 905 4008 Iulii
926 3949 1051 4008 Antonii
1076 3954 1265 4026 proconsulis
1287 3960 1416 4033 epistola

90 4062 171 4140 apud
191 4058 356 4134 Iosephum
376 4060 448 4114 Ant.
470 4054 537 4112 Iud.
559 4051 646 4122 XVI,
670 4050 698 4120 6,
720 4050 774 4124 7¹)
796 4049 991 4108 demonstrat.
1033 4050 1140 4125 Itaque
1162 4046 1336 4124 δικαιοδότης
1357 4059 1415 4116 uti.

90 4180 148 4239 quc
169 4158 318 4238 siguificat
339 4175 407 4214 eum
428 4155 512 4212 cuius
530 4150 698 4210 iurisdictio
719 4158 780 4220 est3
803 4149 857 4208 sed
879 4149 1098 4224 autproprium
1113 4151 1306 4236 magistratus
1327 4174 1415 4214 voca-

89 4262 194 4322 bulum
223 4265 278 4328 est,
305 4256 356 4314 ubi
376 4255 486 4313 Latino
507 4252 648 4310 iuridieas
670 4258 804 4307 accurate
824 4249 1003 4323 respondet,
1029 4258 1081 4306 aut
1106 4249 1137 4305 in
1158 4251 1331 4310 universum
1353 4273 1415 4312 ma.

90 4365 247 4439 gistratum
268 4357 436 4415 Romanum
464 4371 546 4422 eum,
572 4367 664 4426 penes
686 4367 775 4425 quem
802 4346 904 4423 aliquo
929 4347 1018 4405 modo
1039 4347 1206 4407 iurisdictio
1227 4362 1275 4410 est
1294 4352 1416 4428 indicat,

92 4466 156 4522 sive
181 4461 209 4518 is
234 4457 356 4535 proprio
383 4453 503 4512 nomine
524 4449 685 4529 proconsul
713 4449 778 4508 sive
805 4448 923 4524 legatus
944 4448 1077 4524 Augusti
1104 4467 1160 4525 pro
1185 4459 1324 4523 praetore
1351 4455 1416 4512 sire

91 4563 179 4622 aliter
207 4567 340 4617 vocatur.
390 4558 434 4614 At
461 4572 500 4612 ex
526 4553 573 4610 his
600 4551 717 4609 duabus
746 4547 1011 4626 significationibus
1039 4547 1117 4606 hanc
1145 4549 1242 4608 solam
1268 4552 1300 4608 in
1327 4554 1415 4612 titulo

93 4661 243 4739 Spartano
265 4657 381 4717 admitti
402 4672 493 4731 posse
513 4652 582 4710 inde
602 4659 694 4727 patet,
715 4648 795 4725 quod
816 4666 968 4726 nunquam
989 4648 1021 4706 in
1041 4648 1197 4724 provincia
1216 4650 1334 4710 Achaia
1354 4671 1414 4711 ma·

92 4850 295 4861 ——-—··

170 4965 194 5031 ¹)
222 4959 331 5025 Ἰοόλιος
358 4952 487 5019 'Aestimat
514 4949 656 5016 ἆνθόποιτος
682 4953 786 5026 ippodes
815 4950 940 5018 Ἐῲοσίων
963 4945 1076 5025 ἄρχουσι
1101 4953 1185 5028 βουλῇ
1211 4946 1279 5025 δήμῳ
1302 4955 1413 5029 χαίρειν,

95 5057 133 5110 Οἱ
146 5057 169 5107 iv
181 5057 215 5131 τῇ
225 5052 304 5121 Ἀσίᾳ
316 5051 434 5106 Ἰουδαῖοι
448 5050 524 5108 oldaia
538 5041 720 5119 Φεβρουαρόοις
739 5041 999 5097 δικαιοδοτοῦντί
1017 5062 1060 5113 μοι
1077 5044 1101 5095 lu
1112 5039 1213 5114 ’Epioe
1224 5039 1355 5116 ὖπόδοιξοι
1366 5060 1413 5104 cte.

1159 5136 1214 5195 18*
