3480 5804
559 472 607 522 ne
625 473 836 537 Peaeeecro
854 474 1082 527 CASTRORVM.
1434 461 1480 532 87

198 638 251 714 36)
291 636 325 698 G.
347 640 401 699 Vin
412 683 502 700 .....
514 645 546 700 ni
568 647 655 718 prino
666 684 799 702 .......
826 649 953 721 impenea
1021 689 1028 703 .
1041 688 1048 703 .
1063 690 1070 703 .
1088 651 1184 724 praes.
1212 648 1315 726 ea[etr]
1328 693 1419 708 .....
1444 683 1482 694 -

308 739 472 800 Brambaelt
496 741 529 801 C.
545 745 572 802 I.
589 745 677 802 Rben.
692 744 755 804 985
775 763 835 821 rep.
858 746 1043 821 Mogontiaci.

197 840 252 917 37)
284 882 459 901 .........
477 845 574 920 praes.
597 855 684 904 oaatr.
708 846 762 921 leq.
781 846 825 904 VI
837 850 919 906 matr.
933 879 975 890 -
998 846 1103 907 Gruter
1116 850 1196 921 1110,
1212 851 1246 909 11
1267 850 1300 926 (a
1316 848 1482 924 Sirmondo)

307 960 369 1019 rep.
395 944 506 1002 iibere.

66 1090 70 1095 .
155 1041 281 1101 Plenam
302 1043 355 1102 dat
373 1042 494 1102 Doniue
510 1045 539 1115 o,
555 1044 591 1103 21
616 1065 655 1104 ex
676 1045 859 1106 adversariis
874 1047 964 1107 Dom.
979 1049 1118 1108 Penieali
1140 1050 1223 1125 (inde
1238 1051 1347 1109 Mutat.
1363 1050 1434 1120 807,
1449 1050 1482 1124 6)

155 1142 206 1201 ubi
228 1150 353 1202 vocetur
374 1144 415 1203 M.
438 1142 596 1204 Cornelius
618 1147 659 1204 Μ.
687 1147 707 1205 1.
730 1148 790 1206 An.
812 1149 947 1221 Anthus,
974 1150 1028 1208 aed
1055 1160 1084 1208 et
1105 1150 1190 1209 testis
1212 1159 1242 1209 et
1262 1169 1371 1210 nomen
1392 1151 1482 1209 inter·

153 1243 339 1318 politionem
361 1245 487 1305 subesse
506 1246 723 1307 demonstrant.

196 1344 252 1419 38)
287 1342 320 1403 (l.
349 1344 492 1405 Seruiliae
522 1347 553 1406 C.
575 1349 606 1422 s.
713 1350 777 1407 trib.
884 1354 972 1426 prim.
999 1353 1079 1426 pilae
1109 1351 1296 1427 caetror(um)
1321 1352 1483 1427 praejectae

300 1447 368 1521 fieri
387 1450 481 1506 inerit.
497 1481 536 1491 -
558 1449 671 1506 Mutat.
686 1449 787 1519 853,1
809 1469 843 1509 ea
862 1450 1068 1509 Bonaaentura
1086 1453 1198 1527 Anqelo
1219 1451 1289 1527 (Or.
1306 1451 1400 1526 3449)
1421 1469 1481 1526 rep.

306 1547 441 1607 Parenoe.

152 1647 334 1707 Muratoriae
359 1650 497 1722 adnotat,
526 1649 557 1709 in
583 1646 702 1709 echedie
723 1649 878 1710 Ramberti
905 1651 985 1727 epod
1007 1650 1172 1711 Barbetium
1195 1653 1256 1729 legi
1277 1666 1483 1710 enaeeecrvs·

151 1762 338 1808 casm...

236 1847 327 1907 Addo
340 1849 389 1909 hia
407 1851 577 1926 praefectos
598 1859 765 1910 aestrorum
787 1851 868 1930 apud
890 1853 1054 1929 scriptores
1075 1861 1334 1924 commemoratos,
1355 1870 1483 1928 quorum

152 1949 275 2009 aomina
295 1950 483 2029 ignoramus:

194 2049 250 2126 39)
281 2051 423 2124 Velleii,
438 2052 496 2110 112
516 2052 562 2129 (in
579 2071 681 2129 puyna
702 2055 738 2112 ab
760 2053 798 2112 A.
818 2054 940 2114 Caecina
961 2064 988 2114 et
1001 2053 1121 2112 Plautio
1137 2053 1257 2112 Siluano
1279 2072 1354 2112 anno
1370 2056 1389 2111 7
1398 2073 1432 2128 p.
1451 2056 1481 2113 C.

304 2157 453 2212 mmmieea
465 2157 590 2230 quinque
605 2154 761 2229 legionibus
775 2155 1022 2232 auriliaribueque
1035 2159 1109 2213 eatie
1124 2154 1252 2230 multia).·
1274 2164 1332 2212 tum
1351 2157 1440 2230 iqitur
1453 2157 1484 2211 in

304 2253 399 2314 dubiie
419 2255 502 2313 rebue
524 2265 609 2313 temet
627 2258 709 2330 iprae
730 2255 852 2330 lenionet
869 2256 1049 2328 adhortatae,
1071 2255 1209 2330 iuqulatit
1225 2256 1262 2313 ab
1277 2256 1355 2313 boote
1369 2255 1483 2330 quibua·

304 2356 372 2414 dam
392 2355 513 2414 tribanie
534 2355 664 2426 militum,
686 2359 851 2431 interempto
870 2359 1014 2432 praesecto
1036 2366 1195 2414 emtrorum
1213 2356 1423 2430 praefectisque
1437 2373 1483 2412 oo·

304 2455 435 2527 bertium,
456 2475 514 2514 non
534 2460 687 2515 incruentis
710 2456 917 2515 centurionibus
941 2465 991 2515 eet.

193 2553 249 2630 40)
281 2555 350 2615 Tae.
381 2576 448 2615 ann.
474 2560 505 2628 1,
525 2557 564 2615 31
597 2557 691 2632 (anno
709 2558 750 2616 14
765 2576 796 2632 p.
821 2557 851 2616 Ο.
875 2557 997 2631 legiones
1023 2556 1045 2612 J
1069 2555 1252 2626 Germanica,
1286 2555 1313 2614 V
1337 2555 1482 2627 Alaudae,

305 2658 375 2717 XX
393 2658 510 2717 Valeria
533 2663 650 2730 uictria,
677 2657 760 2715 XXI
781 2675 876 2732 rapae
900 2657 1001 2715 iiedem
1027 2660 1132 2714 austrie
1160 2659 1191 2714 in
1211 2657 1319 2731 finibus
1345 2654 1483 2713 Ubiorum

302 2759 478 2818 iubebantur
495 2778 550 2836 per
570 2764 656 2817 otium
677 2777 712 2817 aa
727 2759 800 2818 leuia
814 2760 922 2815 munia.
959 2757 1104 2815 Seditione
1119 2766 1216 2814 exorto
1232 2760 1406 2815 eenmrionea
1421 2773 1482 2813 aer·

301 2860 413 2919 terum
434 2860 560 2919 mulcant
577 2871 745 2936 partemque
759 2857 958 2933 interficiunt).·
977 2876 1033 2916 non
1048 2859 1178 2937 tribunus
1193 2857 1280 2926 ultra,
1301 2875 1358 2914 non
1373 2865 1482 2915 eaetro·

302 2979 366 3020 rum
383 2963 546 3037 praefectae
568 2964 613 3019 iua
635 2961 766 3018 obtinuit:
785 2960 914 3035 aiailiaa,
935 2964 1080 3030 atationee,
1103 2970 1130 3018 et
1149 2962 1176 3017 ai
1190 2977 1249 3034 qua
1262 2957 1326 3015 alia
1343 2976 1481 3033 praetem

302 3081 372 3122 uana
393 3064 546 3134 indixerat,
568 3065 627 3136 ipsi
644 3061 856 3137 partiebantur.

192 3163 247 3239 41)
279 3163 365 3223 Pbilo
387 3164 454 3222 lud
480 3165 547 3222 ado.
570 3162 708 3221 Flaccum
733 3161 808 3237 §13
829 3161 878 3237 (p.
893 3162 951 3220 381
960 3160 1014 3232 P.,·
1035 3159 1095 3220 533
1106 3160 1187 3236 M.).·
1212 3161 1328 3219 Baetae
1355 3161 1481 3218 centurio

298 3267 395 3339 laetae
416 3264 453 3323 ab
469 3264 643 3341 Imperatore
660 3262 736 3323 (laio
757 3265 788 3320 in
802 3262 962 3338 Aeqypmm
975 3266 1109 3334 mittitur,
1126 3271 1158 3318 at
1167 3263 1341 3336 praesectum
1355 3261 1481 3335 Aeqypti

302 3366 441 3425 Flaaoum
451 3365 652 3442 prebendam
672 3383 735 3422 auu
748 3363 958 3422 Alexandriam
970 3366 1100 3432 reniteat,
1116 3355 1187 3428 μετὰ
1202 3362 1256 3417 τῶν
1270 3353 1345 3418 ἰδίων
1360 3352 1481 3422 ἀποβὰς

300 3499 344 3511 -
357 3501 396 3513 -
418 3454 591 3548 στρατιώτην
612 3458 674 3522 τινα
695 3466 750 3520 τῶν
771 3461 799 3519 ἓν
820 3464 878 3520 τοῖς
897 3455 1049 3546 τετραδίοις
1063 3452 1204 3536 φυλάκων
1217 3456 1291 3515 καθ’
1306 3453 1371 3517 iiio
1385 3453 1480 3537 εύρών,

300 3556 410 3627 emin
431 3559 569 3625 δεεκνεῖναε
590 3559 640 3636 τὴν
661 3556 748 3621 οἰκίαν
762 3552 958 3646 manxiston.
990 3564 1072 3619 τοῦτο
1088 3555 1147 3643 γὰρ
1159 3550 1298 3624 ἐβούλετο
1314 3553 1343 3616 ri
1359 3550 1480 3641 ἆπὲῥρη-

300 3691 348 3728 τον
367 3665 538 3746 ἆνενεγκεῒν,
556 3657 602 3724 ἵνα
622 3657 671 3724 καὶ
692 3655 728 3723 ἂν
749 3655 796 3743 δὲῃ
817 3656 1016 3748 πολυχειρεάτ,
1036 3654 1095 3740 ἔχῃ
1117 3655 1164 3719 aba
1182 3651 1451 3735 wt‘nywmou'utvou.

147 3770 287 3831 Philonis
313 3761 503 3853 στρατάρχην·
526 3770 564 3829 ab
590 3787 625 3826 eo
652 3769 704 3846 qui
730 3756 988 3851 στρατοπεδάρχης
1008 3764 1109 3824 vocari
1137 3762 1215 3822 solet
1240 3780 1299 3820 non
1325 3761 1477 3821 diversum

146 3889 231 3945 esee,
254 3890 294 3931 ex
316 3872 354 3932 iia
376 3890 454 3949 quae
474 3870 555 3929 inira
575 3869 803 3946 disputabimus.
826 3867 1000 3946 apparebit3
1027 3865 1204 3944 plerumque
1226 3852 1412 3945 πρατεὲρχην
1433 3861 1476 3921 in-

146 3972 295 4050 tellegunt
313 3973 446 4052 legatum
467 3972 606 4050 legionis,
627 3971 727 4046 qualis
749 3971 781 4028 in
801 3970 942 4046 Aegypto
964 3967 1086 4027 omnino
1107 3984 1168 4025 non
1189 3973 1263 4023 eree

188 4072 244 4150 42)
277 4073 344 4134 Tae.
372 4093 439 4133 ann.
460 4072 514 4144 12,
532 4073 573 4132 38
608 4071 696 4146 (anno
714 4072 755 4129 60
782 4073 813 4128 in
841 4068 1032 4144 Britannia).·
1059 4069 1237 4144 praesectum
1263 4074 1422 4124 castrorum
1450 4073 1477 4122 et

300 4177 476 4252 le9ionariae
504 4173 629 4232 eobortet
657 4173 835 4231 exstruendia
860 4172 943 4247 apud
962 4169 1080 4229 Siluras
1101 4168 1259 4244 praesidiis
1280 4167 1396 4224 relictae
1419 4167 1475 4221 eir·

299 4277 488 4351 aurnsunduut
507 4307 546 4317 —
569 4306 608 4317 -
632 4306 670 4316 -
689 4274 854 4351 praefectae
876 4281 968 4330 tamen
989 4279 1014 4329 et
1035 4279 1096 4328 oeto
1117 4270 1290 4327 centuriones
1310 4284 1345 4322 aa
1355 4283 1474 4340 promp-

299 4380 425 4436 tiaeimua
446 4378 566 4452 quiaque
587 4392 602 4432 e
622 4373 778 4448 manipulis
799 4373 930 4432 cecidere.
971 4360 976 4367 ’

188 4478 243 4556 43)
278 4478 345 4539 Tae.
361 4479 427 4537 liet.
443 4477 474 4548 2,
487 4475 528 4536 89
549 4475 700 4552 (Vitellium
720 4473 815 4532 urbem
835 4470 1026 4548 inauditum:
1047 4479 1182 4545 quattuor
1203 4467 1342 4543 leuionum
1356 4462 1474 4538 aquilae

294 4598 349 4657 per
362 4580 489 4655 frontem
511 4577 678 4651 totidemque
699 4578 777 4634 eirca
798 4593 812 4633 e
832 4573 989 4649 legionibus
1011 4573 1079 4630 aliia
1099 4569 1218 4637 uexilla,
1240 4585 1305 4625 moa
1326 4565 1473 4623 duodecim

296 4680 411 4740 alarum
434 4681 519 4756 aiano
546 4711 584 4722 -
613 4709 651 4719 -
681 4685 747 4734 ante
772 4673 888 4750 aquilae
910 4673 1051 4750 praefecti
1077 4681 1234 4731 tainorum
1263 4666 1422 4742 tribunique
1447 4675 1473 4724 et

295 4785 384 4860 prim
403 4781 593 4839 centurionum
612 4776 738 4835 eandida
756 4784 832 4835 reete
852 4785 901 4834 eet.

186 4884 242 4962 44)
276 4884 344 4945 Tae.
366 4882 433 4942 liet.
456 4881 490 4954 4,
503 4880 547 4941 59
567 4877 657 4956 (anno
675 4876 748 4953 70).·
775 4875 863 4936 lutor
888 4874 988 4934 ualida
1013 4890 1100 4931 manu
1120 4871 1309 4930 circumdatae
1330 4866 1471 4943 Aurium·

296 5002 411 5057 neniae,
433 4991 624 5065 mutareque
643 4978 764 5041 militum
784 4977 866 5055 apud
885 4978 1060 5054 euperiorem
1081 4973 1173 5033 libeni
1193 4975 1300 5049 ripam,
1323 4971 1352 5028 in
1374 4969 1471 5028 eadem
