3480 5804
204 463 252 531 34
727 474 998 525 incrusurum

203 650 287 707 Haec
315 650 341 706 si
368 649 410 704 ita
435 665 467 704 se
494 647 616 715 habent,
644 643 841 703 Germanicus
868 661 990 725 necesse
1016 653 1062 700 est
1088 645 1250 719 imperator
1276 644 1404 720 primum
1431 644 1529 701 dictus

202 752 241 807 sit
263 751 401 823 Augusto
423 748 493 804 vivo
521 753 551 803 et
576 745 750 802 acclamatio
778 746 848 801 anni
870 763 897 819 p.
915 741 986 801 Chr.
1006 745 1058 814 14,
1088 744 1124 800 de
1146 761 1205 819 qua
1227 744 1375 815 diximus,
1403 744 1529 801 adeius

203 851 325 907 honoris
346 848 534 919 iterationem
555 846 738 921 pertinuerit.

285 952 422 1006 Aetatem
448 955 527 1003 recte
553 946 687 1002 definivit
713 945 875 1002 Henzenus
902 943 1014 1001 includi
1042 945 1119 1001 inter
1146 963 1172 1001 ιι.
1190 944 1263 1013 743,
1291 963 1351 1020 quo
1373 946 1530 1020 Augustus

203 1049 340 1126 pontifex
366 1048 514 1106 maximus
537 1045 633 1102 factus
656 1055 717 1115 est,
745 1055 774 1100 et
796 1044 854 1101 767
873 1069 908 1093 =
929 1044 966 1100 14
981 1063 1010 1119 p.
1027 1042 1114 1113 chr„
1142 1062 1201 1119 quo
1223 1045 1301 1101 diem
1323 1044 1406 1102 obiit.
1450 1042 1531 1101 Nam

200 1149 277 1207 illud
303 1147 502 1206 sacerdotium
524 1149 664 1221 Augusto
691 1143 831 1201 tribuitur
857 1145 888 1201 in
915 1143 1001 1202 fastis
1026 1144 1064 1200 ad
1091 1142 1173 1219 Sept.
1198 1143 1235 1201 23
1264 1147 1406 1219 scriptum
1433 1145 1532 1220 prima

201 1269 308 1320 manu;
337 1258 442 1306 eontra
468 1247 577 1304 absunt
603 1266 622 1303 a
649 1244 753 1303 diebus
776 1242 843 1302 Oe't.
860 1242 965 1301 3-—12
992 1243 1054 1301 ludi
1077 1244 1146 1302 divo
1169 1246 1305 1319 Augusto
1327 1253 1357 1301 et
1379 1244 1532 1301 Fortunae

203 1350 318 1407 Reduci
340 1348 468 1406 instituti
491 1347 610 1421 quidem
633 1355 734 1413 antea,
762 1345 864 1402 sedin
887 1344 982 1400 iustos
1004 1344 1090 1401 relati
1112 1353 1270 1419 postquam
1292 1346 1430 1402 excessit.
1472 1350 1531 1402 Ae·

202 1450 281 1507 cedit
301 1449 381 1523 quod
397 1450 563 1522 Augustus,
585 1446 764 1521 ubicumque
786 1445 964 1515 nominatur,
986 1463 1081 1518 neque
1104 1445 1192 1502 divus
1215 1445 1323 1502 dicitur
1339 1462 1435 1519 neque
1450 1445 1532 1503 nudo

202 1551 335 1617 nomine,
364 1548 416 1606 sed
442 1558 492 1605 aut
519 1551 585 1622 imp.
610 1547 720 1604 Caesar
746 1542 849 1619 (Sept.
866 1543 898 1619 2)
927 1553 979 1601 aut
1001 1544 1109 1603 Caesar
1130 1544 1278 1619 Augustus
1301 1543 1403 1621 (Sept.
1420 1544 1453 1619 3)
1480 1553 1533 1602 aut

201 1654 268 1724 imp.
296 1649 405 1707 Caesar
430 1648 579 1722 Augustus
602 1649 733 1721 pontifex
762 1649 900 1702 traximus
930 1642 1031 1720 (Sept.
1051 1643 1120 1718 23),
1150 1655 1182 1701 ut
1210 1645 1304 1702 fastos
1332 1646 1385 1720 qui
1412 1646 1533 1722 scripsit

202 1767 342 1806 exarasse
367 1748 500 1805 videatur
522 1766 557 1803 eo
580 1747 733 1804 etiamtum
757 1745 832 1801 vivo.
871 1744 979 1819 ltaque
998 1744 1069 1800 fasti
1091 1744 1245 1802 Arvalium
1268 1755 1364 1803 aetate
1386 1763 1532 1822 suppares

202 1859 272 1906 sunt
286 1849 491 1906 Praenestinis
507 1856 536 1905 et
548 1845 740 1903 Vallensibus
763 1844 791 1919 (Ι
807 1863 835 1918 p.
848 1843 932 1918 395).
969 1843 1091 1900 Liturae
1114 1844 1224 1901 multae
1245 1845 1432 1918 reperiuntur
1453 1847 1532 1905 aliae

200 1949 374 2023 rescriptae,
397 1948 473 2004 aliae
494 1946 628 2015 relictae,
651 1946 694 2002 ita
715 1953 904 2018 comparatae
927 1962 1040 2010 omnes,
1063 1953 1096 2001 ut
1118 1945 1301 2020 quadratarii
1323 1946 1444 2004 minime
1465 1947 1533 2005 dili·

202 2050 309 2129 gentis
329 2065 446 2120 errores
480 2048 581 2104 statim
608 2046 651 2103 ita
679 2045 835 2102 videantur
865 2044 1013 2102 emendati
1039 2059 1121 2116 asse,
1153 2064 1207 2103 nec
1232 2045 1389 2120 quicquam
1420 2047 1534 2104 indicat

201 2167 277 2223 quae
304 2155 373 2223 post
399 2146 531 2204 tabulam
558 2147 634 2203 hane
659 2145 844 2222 propositam
871 2155 993 2202 senatus
1021 2144 1106 2201 fastis
1133 2145 1257 2203 inscribi
1278 2145 1326 2202 vel
1354 2145 1423 2203 inde
1452 2146 1533 2205 demi

202 2249 353 2326 iussisset,
381 2247 429 2303 hie
454 2245 556 2303 addita
577 2245 733 2321 demptave
755 2262 831 2302 esse.
874 2244 1032 2319 Reliquiae
1053 2262 1130 2318 quae
1152 2254 1315 2321 supersunt
1336 2256 1473 2322 spectant
1493 2248 1534 2305 ad

202 2349 266 2406 dies
282 2351 357 2422 Apr.
375 2345 429 2416 23;
445 2347 515 2404 Mai.
532 2344 580 2403 30.
598 2344 647 2403 31.
665 2344 703 2402 22
711 2366 720 2416 ;
738 2347 816 2420 Aug.
835 2347 861 2402 1.
879 2343 906 2401 2.
923 2347 951 2402 3.
967 2343 1089 2402 33-37
1097 2365 1105 2414 3
1122 2342 1204 2420 Sept.
1223 2347 1312 2403 1-5.
1330 2347 1377 2404 13.
1394 2344 1533 2418 23—263

203 2444 792 2522 Οοι.1-7.9-11.14.15.19-33.
814 2443 950 2515 36-39;
973 2443 1053 2502 Nov.
1072 2446 1161 2503 1-8.
1185 2443 1319 2517 13-19,
1341 2447 1395 2505 sed
1418 2455 1450 2505 ut
1472 2448 1533 2506 die·

201 2568 266 2606 rum
290 2548 361 2606 Mai.
383 2548 431 2605 30.
453 2546 501 2605 31.
522 2546 560 2604 33
590 2545 657 2606 Oct.
682 2548 727 2603 14.
751 2544 789 2603 23
817 2564 876 2603 non
903 2546 1065 2603 habeamus
1090 2546 1149 2603 nisi
1177 2546 1260 2603 solas
1286 2546 1399 2605 litteras
1427 2548 1534 2607 nundi·

202 2651 297 2707 nales.
333 2648 493 2706 Praeterea
514 2647 672 2704 frustulum
696 2655 844 2722 repertum
867 2655 914 2704 est
934 2646 1048 2703 litteras
1069 2646 1183 2704 habens
1206 2646 1319 2704 moduli
1339 2649 1464 2707 maximi
1485 2644 1533 2724 88,

202 2769 280 2825 quae
302 2767 361 2823 quo
385 2757 529 2822 spectent,
552 2747 743 2804 determinari
765 2765 825 2803 non
847 2755 954 2822 potest.

227 2916 238 2930 y·
286 2849 336 2906 Ad
364 2866 393 2922 p.
415 2848 486 2905 367.
530 2846 628 2904 Notae
655 2846 768 2902 dierum
796 2846 940 2903 fastorum
969 2845 1211 2921 nefastorumque
1240 2866 1307 2906 eum
1332 2857 1488 2924 praeterea
1515 2868 1535 2907 a

203 2957 347 3007 consueta
373 2947 469 3004 forma
491 2966 549 3004 non
572 2946 725 3014 recedant,
752 2946 903 3021 singulare
929 2954 975 3003 est
995 2965 1060 3003 eam
1083 2964 1161 3022 quae
1183 2946 1227 3004 sic
1248 2946 1370 3005 formari
1392 2949 1469 3007 solet
1491 2950 1532 3011 W

203 3051 252 3107 hic
279 3066 397 3121 semper
423 3047 465 3104 ita
485 3047 567 3122 pingi
590 3046 641 3116 Ν),
670 3064 735 3102 eam
758 3065 828 3104 vero
851 3066 928 3122 quae
949 3047 1027 3104 solet
1047 3065 1114 3104 esse
1137 3064 1158 3103 u
1180 3047 1269 3104 iniis
1292 3066 1368 3122 quas
1389 3049 1534 3110 habemus

204 3148 340 3223 reliquiis
363 3147 455 3204 semel
476 3156 589 3204 tantum
614 3145 666 3219 (ad
688 3146 764 3202 diem
788 3145 856 3204 Oct.
875 3147 904 3220 l)
932 3155 1079 3204 servatam
1101 3147 1141 3204 ibi
1164 3147 1207 3204 sic
1231 3148 1313 3223 pingi
1336 3165 1374 3220 re,
1402 3159 1435 3208 ιιι
1455 3151 1536 3209 absit

205 3251 310 3308 ductus
340 3248 392 3306 ille
419 3256 620 3306 transversus.
664 3246 763 3304 Erunt
790 3247 841 3321 qui
869 3246 993 3304 credant
1019 3247 1061 3304 ita
1087 3248 1249 3322 significari
1278 3248 1376 3306 inesse
1404 3251 1434 3307 in
1463 3269 1534 3308 con·

205 3351 368 3425 tignatione
394 3357 512 3424 praeter
533 3365 554 3405 tt
577 3348 755 3406 elementum
785 3365 816 3416 ε,
845 3347 957 3406 scilicet
986 3347 1120 3404 vocabuli
1142 3347 1220 3422 quod
1243 3355 1291 3405 est
1311 3352 1440 3423 oportue
1461 3352 1535 3409 alte·

205 3470 284 3519 rum3
307 3458 338 3506 at
358 3469 413 3507 nec
434 3449 666 3525 contignationis
688 3447 872 3506 consuetudo
891 3447 928 3504 ad
952 3466 1015 3505 eam
1032 3455 1160 3505 aetatem
1175 3448 1337 3520 adscendit,
1359 3466 1436 3524 quae
1452 3451 1536 3509 hisce

206 3552 285 3609 notis
310 3550 456 3628 originem
483 3550 577 3618 dedit,
607 3569 661 3607 nec
683 3558 796 3617 tractus
817 3549 869 3606 ille
891 3549 1020 3605 litteram
1043 3564 1058 3604 ε
1080 3559 1159 3605 recte
1180 3557 1398 3624 repraesentat,
1424 3551 1536 3627 quippe

206 3653 252 3710 cui
281 3652 317 3707 ad
343 3652 432 3708 imam
460 3651 578 3708 hastam
607 3651 702 3707 altera
727 3649 839 3707 lineola
866 3659 1037 3706 transversa
1065 3648 1147 3706 nulla
1175 3633 1363 3723 respondeat.
1405 3651 1480 3709 Mihi
1503 3663 1537 3710 ut

208 3752 314 3809 solitae
336 3760 424 3809 notae
447 3767 475 3806 Ν*
490 3761 520 3807 et
535 3766 555 3805 Ν
579 3750 740 3807 creduntur
761 3766 828 3806 esse
848 3748 901 3805 illa
915 3747 1049 3805 eiusdem
1064 3747 1200 3806 elementi
1215 3749 1311 3824 figura
1325 3751 1537 3825 antiquissima

208 3871 246 3909 ex
268 3858 408 3924 quattuor
431 3850 518 3906 lineis
541 3849 723 3923 composita,
746 3850 819 3906 haec
840 3849 987 3906 recentior
1008 3848 1096 3906 trium
1118 3848 1262 3906 linearum
1285 3851 1324 3907 ad
1339 3850 1536 3910 differentiam

208 3951 267 4008 diei
289 3950 396 4007 nefasti
419 3949 490 4006 laeti
506 3961 535 4006 et
550 3949 645 4007 tristis
660 3949 872 4024 designandam
889 3948 977 4006 simul
992 3948 1151 4020 adhibitae,
1174 3950 1217 4006 ita
1231 3949 1261 4005 in
1276 3949 1362 4009 fastis
1377 3951 1535 4010 Arvalium

208 4050 303 4109 solam
325 4050 563 4124 antiquissimam
584 4050 701 4107 litterae
718 4068 737 4106 a
755 4050 891 4124 liguram,
913 4066 988 4124 quae
1004 4059 1050 4107 est
1064 4067 1103 4120 rr,
1127 4062 1300 4124 usurpatam
1315 4069 1381 4109 esse
1396 4051 1536 4111 existimo

209 4150 392 4209 differentiae
414 4167 506 4208 causa
526 4151 556 4206 in
579 4150 695 4208 nefasto
716 4152 795 4208 laeto
817 4150 927 4208 lineola
947 4152 1140 4209 transversim
1162 4151 1287 4208 adiecta.

293 4252 343 4308 Ad
364 4271 393 4326 p.
411 4249 481 4308 368.
524 4250 649 4308 Dierutn
671 4259 768 4320 notae,
794 4269 871 4326 quae
893 4251 944 4308 ubi
966 4250 1040 4307 nihil
1064 4250 1174 4309 adnoto
1197 4269 1215 4307 a
1236 4251 1387 4310 consuetis
1409 4269 1469 4310 non
1491 4272 1537 4310 re·

209 4352 326 4420 cedunt,
349 4361 512 4427 supersunt
532 4351 652 4408 horum:
682 4352 760 4427 Aug.
778 4352 810 4422 13
835 4350 917 4426 Sept.
936 4351 961 4406 l.
983 4349 1011 4406 2.
1028 4351 1055 4408 3.
1071 4352 1100 4407 4.
1117 4352 1145 4408 5.
1162 4349 1199 4408 33
1217 4351 1262 4426 (ιιι
1276 4351 1359 4410 staff.
1376 4351 1480 4427 vall).
1497 4351 1538 4410 24

102 4494 105 4501 -
210 4454 257 4529 (ut
275 4452 355 4510 Maff.
373 4449 443 4511 Sab.
460 4451 544 4508 Pinc.
556 4451 661 4524 Vall.).
684 4450 733 4509 25.
749 4450 803 4521 263
827 4449 894 4508 Oct.
914 4452 939 4508 l.
957 4449 985 4508 2.
1001 4451 1029 4507 3.
1046 4451 1073 4508 4.
1091 4452 1119 4510 5.
1137 4451 1154 4509 6
1176 4451 1319 4527 (utMaff.
1336 4452 1537 4528 Ostama).

210 4554 237 4611 7.
262 4554 296 4610 11
320 4551 368 4627 (ut
386 4551 502 4626 Amic).
528 4553 575 4610 15.
596 4549 645 4609 30.
666 4550 715 4610 21.
737 4549 791 4620 223
818 4549 896 4608 Nov.
915 4552 941 4607 l.
963 4549 991 4608 2.
1014 4551 1041 4608 3.
1062 4552 1090 4608 4.
1112 4550 1140 4608 6.
1161 4552 1189 4609 7.
1214 4550 1260 4608 13.
1284 4553 1330 4609 13.
1354 4553 1400 4609 14.
1423 4552 1536 4611 1516.

212 4653 392 4711 17.1s.19.

293 4753 343 4810 Ad
364 4771 392 4827 p.
409 4753 479 4812 375.
524 4752 757 4812 Adnotationem
780 4770 857 4828 quaa
879 4762 926 4811 est
947 4767 1049 4810 reatae
1065 4766 1131 4809 ιονι
1153 4760 1216 4810 tum
1238 4770 1297 4810 non
1316 4759 1464 4827 repertam
1479 4751 1539 4812 nisi

211 4854 242 4910 in
263 4854 417 4911 mensibus
432 4856 514 4914 Maio
537 4855 623 4912 lunio
645 4857 783 4930 Augusto
805 4854 836 4910 in
858 4854 954 4928 plenis
975 4851 1060 4910 lastis
1082 4850 1120 4908 ad
1141 4851 1208 4909 idus
1230 4869 1333 4910 omnes
1355 4852 1539 4930 adscriptam

210 4953 306 5010 luisse
327 4953 407 5026 quod
428 4955 551 5023 conieci,
572 4955 604 5011 id
617 4955 689 5011 fasti
704 4954 861 5012 Arvalium
875 4953 1064 5021 confirmant;
1088 4950 1197 5008 habent
1211 4952 1288 5009 enim
1303 4972 1369 5010 eam
1384 4952 1422 5010 ad
1437 4970 1540 5013 omnes

211 5061 271 5112 tres
293 5072 368 5130 quae
390 5055 421 5110 in
444 5053 481 5111 iis
504 5063 664 5128 supersunt
685 5053 752 5112 idus
769 5052 960 5131 Septembres
976 5050 1121 5111 Octobres
1136 5050 1323 5112 Novembres
1345 5053 1538 5131 adscriptam.
