3480 5804
654 427 823 478 arumna
841 428 1081 480 consumma.
1463 413 1530 481 191

208 595 348 654 Tacitum
379 596 554 655 referentem
586 598 622 656 de
652 595 771 657 Galbae
803 600 1009 657 consulatuum
1042 601 1229 658 ordinatione
1257 601 1294 658 ab
1324 599 1442 659 Othone
1474 621 1534 660 non

207 706 322 755 mutata
353 698 475 756 nomina
502 700 641 774 posuisse
669 717 729 756 non
756 700 887 757 omniurn
917 699 1074 758 consulum
1104 720 1122 757 a
1151 698 1251 760 Galba
1277 710 1329 760 aut
1355 710 1535 762 retentorum

208 805 261 855 aut
288 806 468 870 creatorum,
498 799 551 856 sed
579 818 615 857 ea
642 807 755 857 tantum
783 799 938 858 consulum
966 801 1052 876 paria
1080 803 1266 875 enuntiasse,
1295 822 1371 880 quae
1400 823 1469 863 vere
1498 803 1536 861 ad

176 943 180 951 .
208 899 351 956 honorem
378 909 484 975 postea
510 900 733 974 pervenissent,
760 901 877 976 reliqua
905 902 962 960 sub
989 910 1153 962 ceterorum
1175 904 1321 962 vocabulo
1348 904 1535 979 significasse

208 1009 389 1058 contentam.
433 1000 540 1077 Itaque
564 998 663 1060 Galba
688 1003 864 1060 annnm'ita
884 1002 1049 1075 distribuit,
1079 1014 1111 1063 ut
1132 1013 1201 1082 post
1222 1005 1350 1080 primum
1371 1006 1535 1063 nundinum

209 1100 427 1176 quadrimestre
448 1110 642 1177 sequerentur
663 1102 818 1162 bimestris
839 1111 991 1179 quattuor,
1013 1105 1152 1182 deditque
1166 1106 1330 1165 Maium-et
1348 1106 1465 1164 lunium
1482 1103 1535 1165 Sa·

208 1201 298 1272 binis,
318 1201 428 1260 Iulium
451 1212 480 1261 et
500 1205 672 1281 Augustum
697 1205 849 1264 Antonino
872 1215 902 1263 et
923 1203 1024 1276 Celso,
1047 1204 1262 1284 Septembrem,
1286 1205 1457 1278 Octobrem,
1473 1205 1535 1263 No·

207 1302 367 1373 uembrem,
389 1303 585 1363 Decembrem
608 1304 710 1364 divisit
730 1307 808 1364 inter
829 1307 978 1366 Marinum
1000 1308 1136 1367 Macrum
1158 1306 1281 1368 Costam
1304 1308 1445 1367 Atticum.

289 1399 360 1462 ‘lam
386 1404 541 1464 videamus
569 1405 605 1464 de
622 1405 756 1465 Vitellio.
801 1405 971 1467 Secundum
999 1428 1035 1466 ea
1061 1428 1137 1485 quae
1164 1410 1295 1481 diximus
1323 1419 1442 1469 constat
1468 1427 1536 1466 earn

207 1503 369 1563 retinuisse
397 1525 435 1564 ex
462 1506 619 1565 destinatis
646 1526 665 1564 a
687 1505 786 1567 Galba
808 1506 937 1569 Sabinos
959 1510 1048 1581 duos,
1070 1511 1270 1583 Antoninum,
1294 1508 1434 1580 Celsum,
1456 1510 1536 1566 Atti·

209 1623 289 1676 eum,
315 1606 428 1665 honore
454 1607 604 1684 depulisse
630 1608 795 1681 Marinum,
822 1610 972 1682 Macrum,
994 1608 1128 1670 Costam.
1172 1612 1241 1687 lpse
1270 1611 1439 1687 designavit
1466 1629 1535 1668 con-

209 1706 290 1764 sules
312 1716 454 1782 quattuor
469 1707 637 1781 Valentem,
661 1709 831 1782 Caecinam,
854 1709 1037 1787 Simplicem,
1060 1712 1218 1789 Regulum.
1261 1713 1302 1770 Et
1327 1711 1364 1770 de
1385 1712 1447 1770 illis
1470 1711 1536 1786 qui·

209 1807 275 1866 dem
304 1809 348 1866 sie
375 1809 420 1867 ait
445 1809 569 1868 Tacitus
595 1809 628 1882 2,
652 1812 704 1868 71:
736 1821 767 1869 ut
790 1812 906 1870 Valenti
931 1822 958 1870 et
986 1811 1126 1871 Caecinae
1153 1831 1259 1872 uacuos
1288 1814 1401 1871 bonone
1430 1829 1537 1870 meuses

207 1913 341 1983 aperiret,
363 1915 484 1968 coartati
505 1911 628 1968 aliorum
650 1912 829 1970 consulatus:
857 1913 1055 1972 dissimulatus
1075 1913 1175 1970 Marci
1197 1913 1297 1972 Macri
1434 1923 1460 1970 et
1481 1911 1536 1970 Va·

209 2009 307 2066 leriam
322 2010 470 2069 Marinum
492 2013 662 2070 destinatum
682 2033 702 2071 a
720 2013 816 2073 Galba
837 2014 949 2072 distulit
1060 2014 1204 2072 Pedanius
1219 2013 1307 2072 Costa
1328 2018 1465 2072 omittitur

209 2110 258 2167 Ad
280 2108 452 2187 Simplicem
479 2114 559 2188 quod
585 2114 706 2184 attinet,
732 2114 775 2172 sie
802 2113 881 2172 idem
904 2113 952 2189 (Ξ,
969 2114 1036 2190 60):
1065 2115 1164 2172 Mario
1190 2115 1269 2175 Celso
1291 2114 1455 2173 consulatus
1477 2130 1537 2170 ser-

209 2220 300 2280 entur,
329 2213 380 2270 sed
404 2214 540 2271 creditm
559 2217 646 2289 santa
667 2215 857 2289 obiectumque
878 2233 942 2272 mos
963 2218 992 2271 in
1014 2223 1115 2273 senatu
1137 2215 1260 2274 Caecilio
1283 2213 1432 2290 Simplici,
1461 2214 1539 2288 quod

207 2329 268 2369 eum
295 2312 426 2371 honorem
450 2318 575 2389 pecunia
600 2319 722 2379 mercari
747 2333 796 2372 nec
819 2318 880 2372 siae
902 2318 985 2373 esitio
1010 2316 1085 2375 Celei
1105 2315 1256 2373 coluisset:
1283 2318 1386 2373 restitit
1408 2313 1536 2371 Vitellius

208 2414 339 2488 deditque
355 2425 459 2489 postea
480 2415 657 2475 consulatum
671 2414 804 2491 Simplici
825 2418 969 2473 insonum
991 2425 1018 2473 et
1037 2420 1195 2491 inemptum.
1231 2415 1371 2490 Denique
1390 2415 1427 2472 de
1442 2414 1537 2472 Rosio

206 2514 325 2590 Regulo
347 2515 378 2573 in
400 2516 499 2573 locum
522 2513 672 2574 Caecinae
693 2515 816 2575 consule
838 2516 926 2574 unius
947 2516 1006 2574 diei
1028 2516 1105 2574 idem
1127 2516 1220 2574 refert
1242 2517 1269 2588 3,
1286 2517 1336 2574 37.
1354 2549 1389 2558 ·-
1421 2512 1537 2587 Quibus

207 2614 312 2674 diebus
339 2615 478 2674 consules
492 2615 646 2675 Vitelliani
672 2616 805 2687 inierint,
833 2626 970 2692 superest
995 2625 1028 2675 ut
1055 2633 1251 2694 exponamus.
1296 2614 1418 2678 Sabinis
1445 2632 1537 2690 snpra

207 2715 335 2774 vidimus
357 2735 376 2774 a
391 2714 490 2775 Galba
511 2717 677 2777 destinatos
698 2718 793 2777 fuisse
815 2735 932 2776 menses
948 2717 1061 2776 Maium
1083 2724 1113 2776 et
1133 2718 1262 2788 lunium,
1284 2717 1337 2776 sed
1359 2717 1462 2776 iniisse
1484 2732 1536 2773 eos

207 2827 275 2875 ante
296 2827 415 2894 tempus
439 2836 540 2876 mense
555 2818 654 2896 Aprili
676 2819 773 2878 medio
795 2829 980 2889 extremove;
1001 2839 1072 2877 num
1096 2828 1165 2878 unte
1186 2819 1264 2878 diem
1287 2839 1306 2877 a
1321 2816 1420 2879 Galba
1441 2817 1537 2875 deter-

208 2917 351 2977 minatum
373 2919 486 2977 honore
508 2920 636 2978 abierint
656 2939 757 2992 necne,
779 2940 840 2979 non
856 2919 992 2978 traditur.
1031 2918 1263 2980 successoribus
1279 2917 1458 2980 Sabinorum
1474 2919 1536 2976 An·

207 3019 312 3077 tonino
334 3029 364 3078 et
385 3017 474 3079 Celso
496 3020 638 3081 honorem
661 3023 829 3082 servavisse
845 3021 1001 3080 Vitellium
1023 3028 1157 3092 coastat,
1179 3038 1298 3080 menses
1319 3021 1424 3080 iisdem
1446 3020 1535 3078 desti-

207 3129 295 3178 natos
322 3138 382 3179 non
403 3121 583 3181 servavisse.
627 3121 707 3182 Nam
730 3122 889 3196 Caecinam
912 3131 941 3181 et
962 3121 1121 3182 Valentem
1142 3123 1186 3180 ita
1206 3122 1237 3180 in
1258 3121 1392 3181 ordinem
1414 3122 1537 3196 recepit,

208 3228 240 3279 ut
265 3239 367 3279 eorum
394 3239 487 3280 causa
512 3223 639 3281 aliorum
668 3225 842 3284 consulatus
865 3232 1023 3294 coartaret,
1053 3224 1129 3282 alios
1151 3224 1264 3282 honore
1286 3224 1427 3298 privaret.
1471 3223 1535 3279 lam

206 3341 272 3380 eum
300 3331 424 3381 constet·
442 3324 632 3382 consulatum
659 3325 697 3383 iis
725 3325 825 3383 datum
853 3343 920 3382 esse
945 3323 975 3381 in
1003 3325 1033 3380 k.
1061 3323 1249 3382 Novembres
1277 3325 1359 3398 (nam
1388 3320 1535 3380 Caecinae

206 3441 272 3480 cum
301 3423 396 3481 honor
426 3424 641 3500 abrogabatur,
675 3442 751 3483 unus
780 3425 844 3482 dies
874 3424 938 3483 eius
967 3424 1113 3500 superfuit
1141 3423 1218 3500 prid.
1247 3424 1277 3481 k.
1306 3421 1382 3480 Nov.
1414 3429 1535 3479 auctore

207 3523 313 3582 Tacito
336 3525 365 3595 3,
382 3524 452 3600 37),
483 3532 608 3600 apparet
629 3535 662 3583 ut
680 3525 765 3583 loeus
787 3525 823 3583 iis
845 3525 930 3583 tieret
950 3524 1094 3599 expulsos
1117 3541 1185 3582 esse
1207 3523 1316 3598 quibus
1340 3522 1440 3581 Galba
1463 3520 1534 3597 Sep-

206 3625 348 3684 tembrem
371 3632 400 3682 et
422 3623 583 3684 Octobrem
605 3625 781 3698 destinarat,
807 3634 881 3702 puta
901 3625 1050 3684 Marinum
1073 3633 1102 3682 et
1123 3624 1255 3682 Macrum
1263 3645 1271 3694 ;
1298 3625 1318 3682 ii
1341 3634 1439 3682 autem
1463 3642 1535 3698 quo-

206 3745 270 3784 rum
299 3727 394 3785 honor
421 3727 512 3785 simul
540 3728 745 3799 coartabatur,
777 3745 845 3786 esse
878 3745 936 3784 non
969 3733 1129 3803 potuerunt
1158 3725 1215 3784 nisi
1242 3725 1293 3800 qui
1319 3724 1536 3802 praecedebant

205 3827 375 3886 Antoninus
398 3837 428 3886 et
442 3825 558 3888 Celsus.
595 3827 702 3904 Neque
724 3828 911 3887 coartabatur
932 3827 996 3886 sine
1018 3827 1120 3904 aliqua
1142 3827 1206 3885 sive
1228 3844 1320 3885 cansa
1341 3826 1405 3885 sive
1420 3826 1534 3902 specie3

206 3948 272 3986 nam
296 3947 362 3987 cum
378 3925 480 3989 Sabini
503 3941 572 3989 arrte
594 3938 711 4007 tempus
732 3930 938 4007 magistratum
961 3929 1154 4006 occepissent,
1177 3946 1236 3987 non
1258 3928 1360 4004 inique
1374 3935 1534 4005 potuerunt

206 4029 300 4086 iuberi
322 4037 391 4087 ante
412 4038 529 4109 tempus
543 4050 611 4090 eum
626 4033 757 4090 eiurare:
778 4030 917 4106 idemque
933 4030 1071 4089 similiter
1084 4030 1165 4088 eadit
1179 4031 1210 4087 in
1225 4046 1415 4089 successores
1430 4029 1533 4106 proxi·

207 4147 280 4186 mos.
329 4127 429 4202 Quare
456 4132 505 4190 ubi
531 4132 669 4208 ponimus
697 4131 827 4192 Sabinos
853 4132 950 4189 fasces
977 4132 1108 4207 gessisse
1134 4149 1153 4188 a
1179 4147 1282 4189 mense
1308 4129 1406 4207 Aprili
1433 4129 1532 4187 medin

206 4239 277 4304 puta
299 4229 340 4305 ⁸ad
362 4229 509 4290 kalendas
530 4233 635 4290 idusve
657 4232 770 4303 lunias,
792 4231 978 4289 Antoninum
1000 4238 1031 4289 et
1052 4229 1174 4291 Celsum
1196 4250 1216 4288 a
1236 4230 1374 4289 kalendis
1396 4229 1532 4288 idibnsve

113 4326 118 4334 ’
206 4334 300 4392 Iuniis
328 4334 365 4392 ad
394 4333 540 4391 kalendas
566 4331 672 4390 idusve
693 4334 860 4410 Augustas,
887 4331 1096 4407 aperiebantur
1118 4331 1237 4389 Valenti
1260 4338 1289 4388 et
1312 4329 1458 4388 Caecinae
1480 4340 1532 4387 aut
1567 4311 1577 4327 ⁴
1610 4347 1617 4359 ·

205 4435 264 4495 duo
286 4454 404 4495 menses
426 4454 494 4494 cum
515 4433 639 4492 dimidio
660 4443 713 4493 ant
733 4450 853 4492 menses
874 4432 981 4510 integri
1004 4441 1074 4505 tras,
1097 4441 1126 4491 et
1148 4431 1192 4490 sic
1213 4437 1293 4490 recte
1315 4430 1415 4488 omnia
1435 4430 1530 4508 expli-

204 4545 318 4596 cantur.
355 4536 433 4596 Nam
456 4554 508 4611 per
529 4553 647 4595 menses
661 4533 862 4594 Novembrem
884 4544 915 4594 et
928 4533 1125 4593 Decembrem
1147 4539 1265 4592 constat
1286 4532 1384 4591 fasces
1399 4532 1528 4608 gessisse

204 4640 336 4697 Atticum
363 4658 381 4697 a
403 4636 501 4697 Galba
522 4637 629 4713 opinor
649 4636 828 4696 destinatum
851 4645 881 4695 et
903 4633 1073 4713 Simplicem
1095 4634 1126 4692 in
1148 4635 1245 4692 locum
1268 4633 1397 4691 fortasse
1419 4630 1528 4692 Cestae

203 4761 219 4797 a
237 4739 360 4797 Vitellio
382 4733 593 4797 substitutum'.

286 4840 440 4899 Hactenus
466 4840 677 4900 Mommsenus.
726 4838 909 4900 Consulatus
935 4841 1028 4917 igitur
1052 4837 1123 4896 anni
1143 4836 1198 4909 69,
1225 4837 1251 4896 si
1280 4837 1408 4896 vixisset
1433 4835 1526 4907 Nero,

203 4951 361 5002 semestres
383 4941 522 5001 videntur
546 4941 638 5002 futuri
662 4941 765 5001 fuisse.
811 4938 911 5001 Galba
931 4942 1038 5019 partim
1060 4939 1295 5017 quadrimestres
1316 4938 1395 5010 iecit,
1417 4938 1525 5015 partim

201 5045 369 5117 bimestres,
392 5063 446 5104 nee
468 5045 594 5104 mutavit
614 5045 774 5121 quiequam
797 5041 889 5117 Otho,
910 5043 969 5103 nisi
990 5043 1072 5121 quod
1091 5044 1122 5104 in
1145 5043 1220 5104 duas
1239 5049 1341 5118 partes
1363 5039 1524 5100 nundinum
