3480 5804
620 503 918 556 oasaavnrtoaas
936 505 1054 556 aaron
1074 505 1113 555 11.
1484 490 1530 560 59

201 693 261 751 qus
282 674 414 733 affinitas
435 673 555 732 diverso
577 682 653 733 teste
675 675 786 732 nitatur
806 692 903 749 eoque
918 675 1072 751 singulari,
1096 676 1143 733 vel
1158 677 1195 734 ob
1212 695 1278 733 eam
1293 695 1416 735 causam
1430 698 1532 738 veren-

204 774 274 834 dum
295 785 353 845 est,
374 794 412 832 ne
433 775 508 832 alter
531 782 596 832 uter
617 774 770 832 erraverit.
812 774 931 832 Deinde
953 776 1138 853 Apotheosis
1160 787 1264 834 auctor
1284 796 1351 834 cum
1374 779 1418 837 sic
1440 780 1533 856 scrip·

203 876 290 935 serit:
317 872 568 950 ‘quandoquidem
594 876 681 933 dirus
709 872 854 934 Claudius
881 876 990 934 occidit
1018 893 1153 934 socerum
1183 895 1271 935 suum
1299 880 1357 953 Ap.
1386 878 1533 954 Silanum,

202 993 331 1054 generos
364 976 441 1034 duos
475 977 618 1052 Magnum
650 975 826 1052 Pompeium
859 985 888 1034 ct
919 975 957 1034 L.
991 974 1147 1049 Silanum,
1182 995 1316 1036 socerum
1349 979 1429 1038 filiae
1462 999 1536 1040 suaa

205 1075 350 1136 Crassum
371 1072 478 1152 Frugi’
499 1086 530 1135 et
550 1078 595 1135 sic
616 1076 769 1152 deinceps,
796 1077 822 1135 si
844 1076 902 1134 fuit
923 1077 1035 1151 duplex
1056 1078 1110 1135 illa
1131 1079 1275 1149 affinitas,
1303 1079 1411 1138 addere
1432 1081 1536 1140 debuit

201 1177 244 1235 ad
272 1178 415 1236 invidiam
443 1176 609 1255 aagendam
636 1174 780 1236 ‘socerum
809 1186 839 1234 et
865 1195 1058 1236 consocerum
1087 1175 1191 1237 suum'.
1235 1179 1301 1254 Ego
1330 1182 1447 1239 etiamsi
1476 1182 1536 1240 alia

204 1278 289 1337 nulla
315 1279 426 1336 indicia
452 1278 639 1347 accederent,
667 1280 717 1337 vel
742 1281 790 1337 his
816 1279 892 1337 locis
919 1279 996 1336 inter
1022 1296 1054 1336 se
1083 1280 1257 1354 compositis
1284 1300 1344 1338 non
1367 1282 1536 1340 dubitarem

205 1386 259 1438 sut
284 1379 424 1438 librarios
446 1376 581 1438 Suetonii
608 1380 720 1438 erroris
746 1397 872 1456 arguere
897 1387 950 1437 aut
974 1378 1072 1454 ipsum
1096 1377 1268 1438 Suetonium
1275 1401 1283 1450 ;
1311 1399 1379 1438 nam
1402 1384 1536 1458 aequalis

207 1479 390 1557 Apotheosis
416 1489 519 1538 auctor
542 1479 574 1537 in
595 1480 649 1537 tali
669 1499 702 1538 re
724 1498 824 1538 errare
846 1498 905 1538 non
927 1481 1032 1557 potuit.
1077 1479 1159 1538 Fieri
1180 1488 1292 1556 potest,
1319 1488 1352 1539 ut
1373 1479 1536 1541 Suetonius

203 1598 274 1638 cum
299 1581 330 1638 in
351 1580 418 1656 ipsa
438 1581 604 1655 Apotheosi
627 1580 755 1639 similive
778 1580 890 1657 scripto
911 1581 1044 1657 Appium
1066 1599 1202 1639 socerum
1224 1581 1413 1658 imperatoris
1434 1584 1537 1659 appel·

205 1680 264 1739 leri
282 1679 416 1752 vidisset,
437 1681 516 1738 inter
535 1688 637 1756 patres
658 1689 757 1739 autem
778 1700 905 1739 uxorum
921 1679 1040 1741 Claudii
1062 1684 1089 1740 ei
1111 1683 1210 1741 locum
1232 1682 1347 1740 nullum
1369 1662 1437 1742 esse
1457 1694 1537 1742 recte

205 1781 416 1852 intellexisset,
439 1784 633 1840 consocerum
656 1800 711 1857 pro
732 1794 834 1840 socero
856 1783 1044 1841 substituerit
1064 1793 1179 1857 patrem
1195 1803 1261 1841 eum
1277 1791 1420 1858 reputans
1436 1785 1536 1860 generi

207 1879 330 1941 Claudii
352 1882 388 1941 L.
412 1881 522 1954 Silani3
551 1885 606 1942 sed
634 1884 698 1941 sive
719 1883 762 1940 ita
782 1901 831 1941 res
853 1883 952 1942 evenit
972 1883 1036 1942 sire
1057 1884 1199 1942 librarius
1221 1885 1368 1960 peccarit,
1398 1901 1536 1943 consoce-

207 2002 274 2041 rum
296 1981 416 2042 Claudii
439 1984 572 2060 Appium
593 1984 686 2042 fuisse
708 2001 794 2059 nego.

294 2083 321 2143 2.
366 2085 499 2162 Appium
526 2086 623 2143 virum
650 2095 679 2142 et
703 2086 869 2160 gratiosum
897 2092 926 2143 et
951 2085 1172 2143 nobilissimum
1199 2085 1279 2160 (Dio
1300 2085 1354 2156 60,
1376 2085 1431 2160 14)
1458 2086 1539 2144 iusto

207 2193 342 2260 tempore
363 2185 401 2244 ad
421 2185 612 2244 consulatum
633 2186 807 2261 pervenisse
828 2186 959 2243 dubitari
977 2203 1037 2243 non
1058 2193 1172 2261 potest;
1194 2204 1321 2261 eumque
1341 2205 1407 2244 cnm
1423 2187 1539 2246 occide-

208 2276 293 2345 retur
313 2303 341 2343 e.
356 2305 386 2362 p.
401 2266 529 2345 cussa
551 2285 658 2344 florida
678 2287 832 2344 etiamtum
854 2286 1063 2344 aetatefuissa
1078 2287 1180 2344 velex
1195 2288 1232 2345 iis
1247 2288 1441 2363 intellegitur,
1462 2307 1539 2363 quac

209 2384 246 2443 de
260 2387 361 2445 causis
373 2387 480 2445 ruinae
494 2387 559 2446 eius
573 2406 672 2445 rerum
687 2389 848 2462 scriptores
864 2387 1049 2445 tradiderunt
1070 2386 1145 2460 (Dio
1161 2387 1210 2456 60,
1229 2387 1290 2461 14).
1328 2385 1429 2459 Quare
1444 2389 1537 2447 credi·

209 2485 269 2544 bile
290 2505 349 2544 non
372 2495 418 2545 est
443 2507 511 2546 eum
532 2497 634 2547 uatum
657 2506 725 2546 esse
747 2496 816 2545 ante
838 2507 947 2546 annum
969 2506 1051 2558 enm,
1077 2505 1167 2562 quem
1189 2487 1271 2562 leges
1293 2487 1415 2545 annales
1438 2489 1537 2562 requi·

205 2594 281 2645 <runt
304 2587 337 2645 in
363 2589 486 2647 consule
508 2607 535 2646 a.
551 2607 579 2646 ιι.
600 2608 625 2646 c.
643 2589 700 2647 781
719 2613 756 2638 =
774 2608 803 2664 p.
819 2585 890 2646 Chr.
908 2587 957 2657 28,
983 2605 1094 2644 annum
1112 2607 1141 2644 u.
1157 2606 1182 2644 c.
1199 2586 1273 2658 7483
1301 2588 1344 2644 ita
1365 2588 1443 2644 enim
1466 2589 1539 2647 obiit

209 2704 306 2746 annos
326 2699 415 2747 natus
429 2689 560 2748 XLVII.
598 2689 698 2747 Etiam
720 2688 904 2766 probabilius
927 2687 1042 2762 aliquot
1063 2689 1149 2745 annis
1170 2696 1241 2763 post
1258 2695 1350 2769 natus
1371 2689 1539 2760 habebitur,

210 2805 279 2846 cnm
305 2789 452 2848 eiusmodi
473 2791 520 2847 vir
542 2790 632 2847 facile
657 2799 725 2848 ante
751 2790 858 2848 iustam
886 2797 1013 2847 aetatem
1040 2787 1195 2846 duodecim
1219 2789 1353 2848 fascibus
1375 2790 1465 2866 potiri
1486 2809 1538 2866 po·

211 2889 309 2947 tuerit.
346 2886 407 2949 Sed
427 2891 576 2949 situatas
596 2891 665 2965 ipso
687 2909 765 2949 anno
781 2891 854 2949 748:
878 2892 921 2949 ita
942 2890 969 2948 si
989 2889 1048 2947 fuit
1068 2898 1154 2964 pater
1168 2890 1208 2947 M.
1225 2887 1321 2949 Silani
1344 2892 1404 2948 nati
1427 2911 1454 2948 a.
1469 2891 1539 2962 767,

209 2987 303 3048 hlium
324 2991 460 3066 genuerit
479 3008 601 3050 necasse
623 2998 669 3050 est
689 3009 784 3050 annos
805 3001 892 3048 natus
914 2991 1045 3049 nondum
1065 2991 1182 3067 viginti,
1208 2997 1287 3048 certe
1308 3010 1412 3067 parum
1435 2992 1541 3068 proba-

205 3089 323 3149 titire.

207 3239 210 3248 .
295 3193 324 3251 3.
367 3193 427 3268 Ap.
442 3188 563 3253 Silanus
585 3192 612 3249 is
634 3192 671 3250 de
692 3210 753 3267 qno
775 3193 891 3268 agimus
914 3212 980 3251 cunr
1000 3194 1061 3251 dno
1082 3192 1277 3269 praenomina
1295 3191 1433 3250 habuerit
1447 3191 1541 3267 Appii

211 3301 242 3350 et
257 3290 318 3352 Gai
339 3292 414 3367 (Dio
430 3293 480 3363 60,
498 3293 551 3363 14;
573 3293 694 3351 Reines.
714 3293 761 3366 19,
780 3293 816 3350 13
829 3294 872 3369 1);
894 3292 1042 3370 Borghesi
1063 3293 1083 3350 l.
1100 3312 1125 3350 c.
1148 3313 1177 3369 p.
1196 3294 1278 3368 186),
1300 3303 1437 3350 neutrum
1459 3311 1540 3351 com·

209 3402 297 3471 paret
312 3394 392 3453 inter
404 3395 601 3471 praenomina
615 3391 786 3452 Silanorum
801 3395 981 3467 abnepotum
997 3394 1235 3470 adnepotumqne
1251 3393 1392 3469 Augusti,
1414 3411 1540 3467 quorum

211 3501 285 3553 natn
305 3494 469 3554 maximum
491 3495 602 3553 dictum
624 3512 692 3553 esse
713 3495 847 3552 Marcum
869 3512 962 3570 supra
982 3494 1127 3563 vidimus,
1154 3493 1232 3550 alios
1259 3491 1337 3549 infra
1357 3491 1539 3566 reperiemus

209 3596 334 3655 nomina
353 3597 497 3655 habentes
517 3594 604 3654 Lucii
626 3605 656 3654 et
676 3595 804 3654 Decimi.
842 3592 903 3667 Qui
923 3596 1007 3652 novit
1027 3592 1271 3652 consuetudinem
1292 3590 1459 3649 Romanam
1481 3609 1541 3648 non

209 3696 334 3774 negabit
352 3696 384 3755 id
405 3698 454 3756 vel
474 3697 572 3756 solum
595 3697 732 3756 sufficere
754 3697 792 3753 ad
814 3695 983 3771 opinionem
1005 3702 1155 3771 receptam
1177 3691 1411 3753 convellendam.

297 3799 327 3857 4.
370 3797 504 3857 Titulum
527 3799 671 3857 urbanum
692 3798 782 3855 hodie
805 3796 986 3854 custoditum
1007 3796 1039 3853 in
1061 3814 1164 3854 museo
1175 3793 1342 3852 Veronensi
1356 3793 1447 3849 hunc:
1472 3791 1543 3852 Sari

213 3895 346 3974 Lepidae
366 3898 408 3957 Μ.
422 3898 548 3968 ·Se'lani;
569 3899 661 3957 locam
682 3907 710 3956 et
729 3897 804 3954 dllce‘a
825 3898 898 3955 deas
920 3901 1029 3973 accepti
1050 3897 1085 3954 ab
1106 3895 1222 3956 Seleuco
1238 3895 1368 3971 Lepidae
1383 3893 1427 3951 M.
1444 3891 1543 3952 Silani

214 3996 307 4074 (Mur.
330 3999 426 4070 1750,
446 4000 479 4070 63
506 3998 654 4074 Borghesi
680 3999 700 4056 l.
719 4017 743 4056 c.
772 4018 801 4073 p.
818 3995 894 4072 213)
921 3999 973 4071 qui
999 3996 1160 4055 defendunt
1186 3995 1355 4070 opinionem
1382 4001 1542 4068 receptam,

214 4108 326 4175 negant
345 4100 493 4176 pertinere
514 4099 552 4157 ad
573 4098 719 4174 Lepidam
740 4107 915 4175 proneptem
938 4098 1084 4173 Augusti,
1110 4097 1198 4154 iidem
1221 4095 1350 4152 confessi
1371 4094 1462 4151 aliam
1483 4091 1543 4150 Le·

215 4198 316 4276 pidam
341 4199 455 4259 nullam
480 4201 620 4275 reperiri,
647 4218 738 4276 quam
766 4206 884 4257 constet
908 4198 1047 4273 nupsisse
1069 4195 1182 4256 Silano.
1225 4196 1290 4253 Iam
1312 4201 1472 4270 postquam
1493 4191 1544 4249 de-

215 4301 448 4359 monstravimus
470 4303 624 4378 proneptis
645 4301 709 4358 eius
732 4301 870 4357 maritum
885 4296 1021 4357 Silanum
1042 4314 1101 4354 non
1122 4297 1217 4354 fuisse
1235 4296 1375 4369 Appium,
1397 4293 1471 4351 nihil
1490 4292 1544 4349 ob·

204 4400 295 4472 'stat,
321 4402 483 4477 quominus
503 4401 535 4458 in
556 4401 644 4460 titulo
665 4401 723 4459 hoc
749 4399 918 4458 nominetur
942 4399 1009 4474 ipsa
1033 4397 1087 4455 illa
1106 4396 1235 4473 Lepida3
1261 4397 1352 4452 immo
1373 4411 1441 4451 cum
1463 4393 1544 4450 filius

295 4656 319 4720 ¹)
347 4658 463 4709 Titulnm
475 4659 537 4711 Sex.
551 4659 649 4710 Titiani
663 4659 758 4718 Erotis,
778 4659 849 4707 cuius
865 4657 915 4706 huc
928 4657 1057 4720 pertinent
1069 4653 1148 4703 verba
1161 4650 1543 4709 c·1VNtVS·AP·c·L·SENO,

214 4754 347 4799 'umatum
364 4749 443 4800 hodie
461 4751 489 4801 iu
507 4765 595 4800 museo
615 4748 772 4809 Oxoniensi,
799 4749 912 4811 inspexit
929 4747 965 4796 ibi
984 4746 1137 4796 Huebnerus
1154 4743 1340 4805 lectionemque
1359 4739 1544 4802 comprobarit.

217 4839 393 4892 Nihilominus
411 4857 532 4907 rogamus
550 4843 593 4907 qui
612 4841 703 4890 studiis
722 4839 762 4888 his
780 4839 867 4888 favent
886 4839 974 4887 doctos
993 4836 1132 4886 Britannos
1151 4834 1235 4882 denuo
1255 4831 1367 4896 lapidem
1387 4831 1544 4890 examinent,

213 4946 282 4982 anm
305 4939 381 4982 extra
402 4947 479 4984 omns
502 4932 608 4982 dubium
634 4935 667 4982 sit
690 4945 846 4996 praenomen
865 4928 1097 4994 patronidupla13
1121 4940 1182 4975 nam
1201 4924 1358 4988 singulomm
1377 4928 1545 4986 patronorum

218 5023 320 5088 singula
337 5030 436 5074 tantum
455 5024 625 5089 praenomina
642 5023 756 5072 libertini
774 5036 870 5086 ponera
889 5021 985 5082 solent,
1005 5033 1053 5069 nec
1071 5017 1175 5068 memini
1194 5015 1257 5066 alibi
1276 5029 1317 5065 me
1335 5013 1427 5078 legisse
1445 5013 1472 5062 in
1491 5011 1546 5061 eius

216 5116 321 5181 genem
337 5115 471 5167 hominum
489 5116 571 5167 titulis
588 5128 746 5181 praenomen
765 5115 839 5164 unius
858 5112 961 5178 patroni
981 5110 1085 5177 duplex.
