<?xml version="1.0" encoding="UTF-8"?>
<!DOCTYPE html PUBLIC "-//W3C//DTD XHTML 1.0 Transitional//EN"
    "http://www.w3.org/TR/xhtml1/DTD/xhtml1-transitional.dtd">
<html xmlns="http://www.w3.org/1999/xhtml" xml:lang="en" lang="en">
 <head>
  <title>
</title>
<meta http-equiv="Content-Type" content="text/html;charset=utf-8" />
  <meta name='ocr-system' content='tesseract 3.04.00' />
  <meta name='ocr-capabilities' content='ocr_page ocr_carea ocr_par ocr_line ocrx_word'/>
</head>
<body>
  <div class='ocr_page' id='page_1' title='image "./ephemerisepigra07instgoog_0010.png"; bbox 0 0 3480 5804; ppageno 0'>
   <div class='ocr_carea' id='block_1_1' title="bbox 196 2092 1527 2906">
    <p class='ocr_par' dir='ltr' id='par_1_1' title="bbox 196 2092 1527 2906">
     <span class='ocr_line' id='line_1_1' title="bbox 196 2092 1523 2226; baseline -0.001 -22"><span class='ocrx_word' id='word_1_1' title='bbox 196 2092 287 2206; x_wconf 77' lang='lat' dir='ltr'>(lum</span> <span class='ocrx_word' id='word_1_2' title='bbox 311 2161 350 2206; x_wconf 92' lang='lat' dir='ltr'>eo</span> <span class='ocrx_word' id='word_1_3' title='bbox 373 2147 567 2226; x_wconf 86' lang='lat' dir='ltr'>perventum</span> <span class='ocrx_word' id='word_1_4' title='bbox 592 2147 690 2221; x_wconf 88' lang='lat' dir='ltr'>esset,</span> <span class='ocrx_word' id='word_1_5' title='bbox 714 2147 752 2204; x_wconf 90' lang='lat' dir='ltr'>ut</span> <span class='ocrx_word' id='word_1_6' title='bbox 774 2138 1006 2225; x_wconf 82' lang='lat' dir='ltr'>inscriptiones</span> <span class='ocrx_word' id='word_1_7' title='bbox 1028 2138 1170 2205; x_wconf 82' lang='lat' dir='ltr'>Latinae</span> <span class='ocrx_word' id='word_1_8' title='bbox 1192 2160 1253 2224; x_wconf 91' lang='lat' dir='ltr'>per</span> <span class='ocrx_word' id='word_1_9' title='bbox 1274 2137 1339 2203; x_wconf 87' lang='lat' dir='ltr'>tria</span> <span class='ocrx_word' id='word_1_10' title='bbox 1360 2136 1429 2203; x_wconf 88' lang='lat' dir='ltr'>fere</span> <span class='ocrx_word' id='word_1_11' title='bbox 1452 2159 1523 2203; x_wconf 87' lang='lat' dir='ltr'>sae·</span> 
     </span>
     <span class='ocr_line' id='line_1_2' title="bbox 196 2252 1524 2343; baseline -0.002 -23"><span class='ocrx_word' id='word_1_12' title='bbox 196 2254 272 2320; x_wconf 87' lang='lat' dir='ltr'>cula</span> <span class='ocrx_word' id='word_1_13' title='bbox 283 2255 455 2343; x_wconf 81' lang='lat' dir='ltr'>neglectae</span> <span class='ocrx_word' id='word_1_14' title='bbox 472 2263 504 2319; x_wconf 90' lang='lat' dir='ltr'>et</span> <span class='ocrx_word' id='word_1_15' title='bbox 518 2261 648 2318; x_wconf 91' lang='lat' dir='ltr'>tantum</span> <span class='ocrx_word' id='word_1_16' title='bbox 664 2276 731 2318; x_wconf 91' lang='lat' dir='ltr'>non</span> <span class='ocrx_word' id='word_1_17' title='bbox 748 2253 924 2321; x_wconf 83' lang='lat' dir='ltr'>derelictae</span> <span class='ocrx_word' id='word_1_18' title='bbox 939 2254 1071 2340; x_wconf 89' lang='lat' dir='ltr'>publice</span> <span class='ocrx_word' id='word_1_19' title='bbox 1082 2252 1215 2340; x_wconf 90' lang='lat' dir='ltr'>prodire</span> <span class='ocrx_word' id='word_1_20' title='bbox 1227 2253 1411 2338; x_wconf 85' lang='lat' dir='ltr'>inciperent</span> <span class='ocrx_word' id='word_1_21' title='bbox 1424 2275 1524 2338; x_wconf 89' lang='lat' dir='ltr'>opera</span> 
     </span>
     <span class='ocr_line' id='line_1_3' title="bbox 197 2366 1525 2455; baseline -0.002 -22"><span class='ocrx_word' id='word_1_22' title='bbox 197 2389 323 2449; x_wconf 88' lang='lat' dir='ltr'>eorum,</span> <span class='ocrx_word' id='word_1_23' title='bbox 347 2391 431 2453; x_wconf 92' lang='lat' dir='ltr'>quos</span> <span class='ocrx_word' id='word_1_24' title='bbox 454 2366 636 2432; x_wconf 85' lang='lat' dir='ltr'>Academia</span> <span class='ocrx_word' id='word_1_25' title='bbox 659 2367 878 2434; x_wconf 87' lang='lat' dir='ltr'>Soientiarum</span> <span class='ocrx_word' id='word_1_26' title='bbox 895 2367 1118 2433; x_wconf 90' lang='lat' dir='ltr'>Berolinensis</span> <span class='ocrx_word' id='word_1_27' title='bbox 1143 2369 1173 2432; x_wconf 87' lang='lat' dir='ltr'>ei</span> <span class='ocrx_word' id='word_1_28' title='bbox 1196 2367 1330 2455; x_wconf 88' lang='lat' dir='ltr'>negotio</span> <span class='ocrx_word' id='word_1_29' title='bbox 1355 2367 1525 2451; x_wconf 78' lang='lat' dir='ltr'>praefecit,</span> 
     </span>
     <span class='ocr_line' id='line_1_4' title="bbox 198 2480 1524 2567; baseline -0.002 -21"><span class='ocrx_word' id='word_1_30' title='bbox 198 2481 356 2546; x_wconf 85' lang='lat' dir='ltr'>collectae</span> <span class='ocrx_word' id='word_1_31' title='bbox 384 2480 575 2567; x_wconf 85' lang='lat' dir='ltr'>recognitae</span> <span class='ocrx_word' id='word_1_32' title='bbox 604 2490 822 2566; x_wconf 84' lang='lat' dir='ltr'>expurgatae,</span> <span class='ocrx_word' id='word_1_33' title='bbox 853 2480 959 2545; x_wconf 90' lang='lat' dir='ltr'>eidem</span> <span class='ocrx_word' id='word_1_34' title='bbox 981 2481 1182 2546; x_wconf 87' lang='lat' dir='ltr'>Academiae</span> <span class='ocrx_word' id='word_1_35' title='bbox 1210 2482 1317 2546; x_wconf 88' lang='lat' dir='ltr'>visum</span> <span class='ocrx_word' id='word_1_36' title='bbox 1347 2491 1398 2545; x_wconf 92' lang='lat' dir='ltr'>est</span> <span class='ocrx_word' id='word_1_37' title='bbox 1426 2503 1524 2566; x_wconf 87' lang='lat' dir='ltr'>quam</span> 
     </span>
     <span class='ocr_line' id='line_1_5' title="bbox 196 2594 1525 2681; baseline -0.001 -21"><span class='ocrx_word' id='word_1_38' title='bbox 196 2595 338 2681; x_wconf 91' lang='lat' dir='ltr'>primum</span> <span class='ocrx_word' id='word_1_39' title='bbox 362 2616 474 2659; x_wconf 90' lang='lat' dir='ltr'>curam</span> <span class='ocrx_word' id='word_1_40' title='bbox 499 2615 609 2681; x_wconf 89' lang='lat' dir='ltr'>agere,</span> <span class='ocrx_word' id='word_1_41' title='bbox 631 2602 670 2657; x_wconf 91' lang='lat' dir='ltr'>ut</span> <span class='ocrx_word' id='word_1_42' title='bbox 692 2603 809 2678; x_wconf 91' lang='lat' dir='ltr'>postea</span> <span class='ocrx_word' id='word_1_43' title='bbox 829 2602 979 2679; x_wconf 86' lang='lat' dir='ltr'>repertae</span> <span class='ocrx_word' id='word_1_44' title='bbox 1002 2594 1081 2659; x_wconf 92' lang='lat' dir='ltr'>item</span> <span class='ocrx_word' id='word_1_45' title='bbox 1103 2603 1378 2679; x_wconf 86' lang='lat' dir='ltr'>componerentur</span> <span class='ocrx_word' id='word_1_46' title='bbox 1392 2594 1525 2679; x_wconf 87' lang='lat' dir='ltr'>supple·</span> 
     </span>
     <span class='ocr_line' id='line_1_6' title="bbox 196 2706 1526 2793; baseline 0 -18"><span class='ocrx_word' id='word_1_47' title='bbox 196 2718 447 2793; x_wconf 78' lang='lat' dir='ltr'>meritorumque</span> <span class='ocrx_word' id='word_1_48' title='bbox 471 2706 627 2793; x_wconf 82' lang='lat' dir='ltr'>deinceps</span> <span class='ocrx_word' id='word_1_49' title='bbox 646 2706 848 2772; x_wconf 90' lang='lat' dir='ltr'>edendorum</span> <span class='ocrx_word' id='word_1_50' title='bbox 864 2718 1031 2793; x_wconf 89' lang='lat' dir='ltr'>tamquam</span> <span class='ocrx_word' id='word_1_51' title='bbox 1049 2706 1211 2791; x_wconf 87' lang='lat' dir='ltr'>quaedam</span> <span class='ocrx_word' id='word_1_52' title='bbox 1229 2707 1444 2772; x_wconf 86' lang='lat' dir='ltr'>fundamenta</span> <span class='ocrx_word' id='word_1_53' title='bbox 1460 2718 1526 2775; x_wconf 89' lang='lat' dir='ltr'>sta-</span> 
     </span>
     <span class='ocr_line' id='line_1_7' title="bbox 196 2813 1527 2906; baseline -0.002 -17"><span class='ocrx_word' id='word_1_54' title='bbox 196 2824 256 2889; x_wconf 91' lang='lat' dir='ltr'>tim</span> <span class='ocrx_word' id='word_1_55' title='bbox 279 2813 481 2888; x_wconf 57' lang='lat' dir='ltr'>iacerentur,</span> <span class='ocrx_word' id='word_1_56' title='bbox 520 2820 608 2885; x_wconf 87' lang='lat' dir='ltr'>Nam</span> <span class='ocrx_word' id='word_1_57' title='bbox 631 2829 669 2886; x_wconf 92' lang='lat' dir='ltr'>ut</span> <span class='ocrx_word' id='word_1_58' title='bbox 692 2821 722 2886; x_wconf 91' lang='lat' dir='ltr'>ei</span> <span class='ocrx_word' id='word_1_59' title='bbox 745 2822 803 2906; x_wconf 90' lang='lat' dir='ltr'>qui</span> <span class='ocrx_word' id='word_1_60' title='bbox 825 2819 959 2886; x_wconf 91' lang='lat' dir='ltr'>domum</span> <span class='ocrx_word' id='word_1_61' title='bbox 984 2820 1170 2887; x_wconf 82' lang='lat' dir='ltr'>aedificavit</span> <span class='ocrx_word' id='word_1_62' title='bbox 1191 2823 1270 2887; x_wconf 90' lang='lat' dir='ltr'>item</span> <span class='ocrx_word' id='word_1_63' title='bbox 1293 2821 1468 2904; x_wconf 72' lang='lat' dir='ltr'>incumbit,</span> <span class='ocrx_word' id='word_1_64' title='bbox 1489 2832 1527 2888; x_wconf 91' lang='lat' dir='ltr'>ut</span> 
     </span>
    </p>
   </div>
   <div class='ocr_carea' id='block_1_2' title="bbox 154 2935 1529 4960">
    <p class='ocr_par' dir='ltr' id='par_1_2' title="bbox 154 2935 1529 4960">
     <span class='ocr_line' id='line_1_8' title="bbox 197 2935 1527 3022; baseline -0.001 -19"><span class='ocrx_word' id='word_1_65' title='bbox 197 2938 286 3003; x_wconf 88' lang='lat' dir='ltr'>iusto</span> <span class='ocrx_word' id='word_1_66' title='bbox 308 2946 457 3022; x_wconf 91' lang='lat' dir='ltr'>tempore</span> <span class='ocrx_word' id='word_1_67' title='bbox 480 2935 643 3001; x_wconf 85' lang='lat' dir='ltr'>instauret</span> <span class='ocrx_word' id='word_1_68' title='bbox 666 2958 737 3000; x_wconf 89' lang='lat' dir='ltr'>eam</span> <span class='ocrx_word' id='word_1_69' title='bbox 761 2944 795 3001; x_wconf 93' lang='lat' dir='ltr'>et</span> <span class='ocrx_word' id='word_1_70' title='bbox 816 2936 955 3018; x_wconf 86' lang='lat' dir='ltr'>reficiat,</span> <span class='ocrx_word' id='word_1_71' title='bbox 977 2937 1025 3000; x_wconf 86' lang='lat' dir='ltr'>ita</span> <span class='ocrx_word' id='word_1_72' title='bbox 1048 2937 1104 3021; x_wconf 92' lang='lat' dir='ltr'>qui</span> <span class='ocrx_word' id='word_1_73' title='bbox 1128 2935 1288 3001; x_wconf 87' lang='lat' dir='ltr'>eiusmodi</span> <span class='ocrx_word' id='word_1_74' title='bbox 1310 2957 1431 3021; x_wconf 88' lang='lat' dir='ltr'>corpus</span> <span class='ocrx_word' id='word_1_75' title='bbox 1449 2959 1527 3002; x_wconf 91' lang='lat' dir='ltr'>con·</span> 
     </span>
     <span class='ocr_line' id='line_1_9' title="bbox 154 3049 1527 3138; baseline 0 -22"><span class='ocrx_word' id='word_1_76' title='bbox 154 3080 156 3085; x_wconf 95' lang='lat'>·</span> <span class='ocrx_word' id='word_1_77' title='bbox 198 3051 293 3134; x_wconf 91' lang='lat' dir='ltr'>dunt,</span> <span class='ocrx_word' id='word_1_78' title='bbox 315 3051 483 3138; x_wconf 87' lang='lat' dir='ltr'>ingentem</span> <span class='ocrx_word' id='word_1_79' title='bbox 505 3049 652 3115; x_wconf 89' lang='lat' dir='ltr'>laborem</span> <span class='ocrx_word' id='word_1_80' title='bbox 675 3049 783 3134; x_wconf 89' lang='lat' dir='ltr'>perire</span> <span class='ocrx_word' id='word_1_81' title='bbox 806 3050 918 3115; x_wconf 88' lang='lat' dir='ltr'>sinunt</span> <span class='ocrx_word' id='word_1_82' title='bbox 942 3059 975 3115; x_wconf 93' lang='lat' dir='ltr'>et</span> <span class='ocrx_word' id='word_1_83' title='bbox 997 3049 1087 3135; x_wconf 92' lang='lat' dir='ltr'>quod</span> <span class='ocrx_word' id='word_1_84' title='bbox 1108 3051 1232 3115; x_wconf 84' lang='lat' dir='ltr'>factum</span> <span class='ocrx_word' id='word_1_85' title='bbox 1248 3059 1299 3116; x_wconf 92' lang='lat' dir='ltr'>est</span> <span class='ocrx_word' id='word_1_86' title='bbox 1314 3073 1428 3116; x_wconf 89' lang='lat' dir='ltr'>rursus</span> <span class='ocrx_word' id='word_1_87' title='bbox 1445 3073 1527 3136; x_wconf 90' lang='lat' dir='ltr'>quo·</span> 
     </span>
     <span class='ocr_line' id='line_1_10' title="bbox 199 3162 1528 3251; baseline 0 -21"><span class='ocrx_word' id='word_1_88' title='bbox 199 3164 375 3231; x_wconf 87' lang='lat' dir='ltr'>dammodo</span> <span class='ocrx_word' id='word_1_89' title='bbox 403 3165 560 3229; x_wconf 91' lang='lat' dir='ltr'>infectum</span> <span class='ocrx_word' id='word_1_90' title='bbox 588 3162 748 3244; x_wconf 88' lang='lat' dir='ltr'>reddunt,</span> <span class='ocrx_word' id='word_1_91' title='bbox 777 3164 805 3228; x_wconf 92' lang='lat' dir='ltr'>si</span> <span class='ocrx_word' id='word_1_92' title='bbox 833 3186 905 3229; x_wconf 90' lang='lat' dir='ltr'>eam</span> <span class='ocrx_word' id='word_1_93' title='bbox 933 3185 1045 3229; x_wconf 88' lang='lat' dir='ltr'>curam</span> <span class='ocrx_word' id='word_1_94' title='bbox 1072 3172 1221 3249; x_wconf 89' lang='lat' dir='ltr'>tempore</span> <span class='ocrx_word' id='word_1_95' title='bbox 1249 3165 1336 3230; x_wconf 89' lang='lat' dir='ltr'>finiri</span> <span class='ocrx_word' id='word_1_96' title='bbox 1357 3166 1528 3251; x_wconf 87' lang='lat' dir='ltr'>patiuntur</span> 
     </span>
     <span class='ocr_line' id='line_1_11' title="bbox 199 3277 1527 3365; baseline -0.002 -19"><span class='ocrx_word' id='word_1_97' title='bbox 199 3302 260 3346; x_wconf 90' lang='lat' dir='ltr'>sua</span> <span class='ocrx_word' id='word_1_98' title='bbox 293 3287 412 3344; x_wconf 87' lang='lat' dir='ltr'>natura</span> <span class='ocrx_word' id='word_1_99' title='bbox 441 3285 634 3364; x_wconf 89' lang='lat' dir='ltr'>perpetuam</span> <span class='ocrx_word' id='word_1_100' title='bbox 666 3299 774 3362; x_wconf 90' lang='lat' dir='ltr'>neque</span> <span class='ocrx_word' id='word_1_101' title='bbox 805 3277 1002 3365; x_wconf 82' lang='lat' dir='ltr'>intellegunt</span> <span class='ocrx_word' id='word_1_102' title='bbox 1031 3300 1116 3363; x_wconf 91' lang='lat' dir='ltr'>opus</span> <span class='ocrx_word' id='word_1_103' title='bbox 1146 3301 1219 3344; x_wconf 90' lang='lat' dir='ltr'>esse</span> <span class='ocrx_word' id='word_1_104' title='bbox 1248 3288 1379 3365; x_wconf 86' lang='lat' dir='ltr'>praeter</span> <span class='ocrx_word' id='word_1_105' title='bbox 1407 3301 1527 3364; x_wconf 87' lang='lat' dir='ltr'>corpus</span> 
     </span>
     <span class='ocr_line' id='line_1_12' title="bbox 198 3390 1528 3480; baseline -0.001 -22"><span class='ocrx_word' id='word_1_106' title='bbox 198 3393 307 3480; x_wconf 90' lang='lat' dir='ltr'>ipsum</span> <span class='ocrx_word' id='word_1_107' title='bbox 335 3391 566 3457; x_wconf 86' lang='lat' dir='ltr'>additamentis</span> <span class='ocrx_word' id='word_1_108' title='bbox 595 3390 638 3456; x_wconf 88' lang='lat' dir='ltr'>ad</span> <span class='ocrx_word' id='word_1_109' title='bbox 664 3391 699 3455; x_wconf 91' lang='lat' dir='ltr'>id</span> <span class='ocrx_word' id='word_1_110' title='bbox 728 3391 902 3456; x_wconf 87' lang='lat' dir='ltr'>continuis.</span> <span class='ocrx_word' id='word_1_111' title='bbox 949 3391 1044 3457; x_wconf 87' lang='lat' dir='ltr'>Haec</span> <span class='ocrx_word' id='word_1_112' title='bbox 1072 3392 1159 3457; x_wconf 91' lang='lat' dir='ltr'>enim</span> <span class='ocrx_word' id='word_1_113' title='bbox 1186 3401 1237 3458; x_wconf 89' lang='lat' dir='ltr'>est</span> <span class='ocrx_word' id='word_1_114' title='bbox 1260 3391 1378 3457; x_wconf 90' lang='lat' dir='ltr'>horum</span> <span class='ocrx_word' id='word_1_115' title='bbox 1402 3393 1528 3458; x_wconf 91' lang='lat' dir='ltr'>studio·</span> 
     </span>
     <span class='ocr_line' id='line_1_13' title="bbox 199 3503 1529 3591; baseline 0.001 -20"><span class='ocrx_word' id='word_1_116' title='bbox 199 3529 272 3571; x_wconf 88' lang='lat' dir='ltr'>rum</span> <span class='ocrx_word' id='word_1_117' title='bbox 299 3504 467 3586; x_wconf 89' lang='lat' dir='ltr'>condicio,</span> <span class='ocrx_word' id='word_1_118' title='bbox 497 3513 537 3568; x_wconf 91' lang='lat' dir='ltr'>ut</span> <span class='ocrx_word' id='word_1_119' title='bbox 563 3527 647 3589; x_wconf 89' lang='lat' dir='ltr'>qnae</span> <span class='ocrx_word' id='word_1_120' title='bbox 676 3504 822 3589; x_wconf 91' lang='lat' dir='ltr'>quotidie</span> <span class='ocrx_word' id='word_1_121' title='bbox 854 3503 1053 3570; x_wconf 85' lang='lat' dir='ltr'>effodiuntur</span> <span class='ocrx_word' id='word_1_122' title='bbox 1080 3515 1148 3570; x_wconf 90' lang='lat' dir='ltr'>tam</span> <span class='ocrx_word' id='word_1_123' title='bbox 1171 3507 1205 3571; x_wconf 90' lang='lat' dir='ltr'>in</span> <span class='ocrx_word' id='word_1_124' title='bbox 1227 3505 1325 3571; x_wconf 88' lang='lat' dir='ltr'>Italia</span> <span class='ocrx_word' id='word_1_125' title='bbox 1347 3529 1445 3591; x_wconf 87' lang='lat' dir='ltr'>quam</span> <span class='ocrx_word' id='word_1_126' title='bbox 1468 3529 1529 3591; x_wconf 87' lang='lat' dir='ltr'>per</span> 
     </span>
     <span class='ocr_line' id='line_1_14' title="bbox 199 3617 1527 3706; baseline 0.001 -20"><span class='ocrx_word' id='word_1_127' title='bbox 199 3620 328 3706; x_wconf 90' lang='lat' dir='ltr'>imperii</span> <span class='ocrx_word' id='word_1_128' title='bbox 349 3618 490 3685; x_wconf 90' lang='lat' dir='ltr'>Romani</span> <span class='ocrx_word' id='word_1_129' title='bbox 519 3617 608 3703; x_wconf 90' lang='lat' dir='ltr'>quod</span> <span class='ocrx_word' id='word_1_130' title='bbox 635 3618 697 3682; x_wconf 83' lang='lat' dir='ltr'>fuit</span> <span class='ocrx_word' id='word_1_131' title='bbox 724 3617 929 3704; x_wconf 88' lang='lat' dir='ltr'>provincias,</span> <span class='ocrx_word' id='word_1_132' title='bbox 958 3641 997 3683; x_wconf 89' lang='lat' dir='ltr'>ea</span> <span class='ocrx_word' id='word_1_133' title='bbox 1027 3619 1055 3684; x_wconf 90' lang='lat' dir='ltr'>si</span> <span class='ocrx_word' id='word_1_134' title='bbox 1085 3618 1216 3704; x_wconf 92' lang='lat' dir='ltr'>quidem</span> <span class='ocrx_word' id='word_1_135' title='bbox 1240 3621 1352 3685; x_wconf 90' lang='lat' dir='ltr'>statim</span> <span class='ocrx_word' id='word_1_136' title='bbox 1375 3620 1527 3703; x_wconf 91' lang='lat' dir='ltr'>eduntur,</span> 
     </span>
     <span class='ocr_line' id='line_1_15' title="bbox 198 3731 1528 3820; baseline -0.001 -19"><span class='ocrx_word' id='word_1_137' title='bbox 198 3735 388 3801; x_wconf 87' lang='lat' dir='ltr'>inserantur</span> <span class='ocrx_word' id='word_1_138' title='bbox 411 3731 676 3820; x_wconf 90' lang='lat' dir='ltr'>ephemeridibus</span> <span class='ocrx_word' id='word_1_139' title='bbox 698 3731 907 3818; x_wconf 90' lang='lat' dir='ltr'>potissimum</span> <span class='ocrx_word' id='word_1_140' title='bbox 932 3740 966 3798; x_wconf 92' lang='lat' dir='ltr'>et</span> <span class='ocrx_word' id='word_1_141' title='bbox 987 3731 1228 3798; x_wconf 87' lang='lat' dir='ltr'>academiarum</span> <span class='ocrx_word' id='word_1_142' title='bbox 1247 3734 1408 3799; x_wconf 86' lang='lat' dir='ltr'>maiorum</span> <span class='ocrx_word' id='word_1_143' title='bbox 1423 3736 1528 3801; x_wconf 93' lang='lat' dir='ltr'>mino-</span> 
     </span>
     <span class='ocr_line' id='line_1_16' title="bbox 199 3846 1529 3937; baseline -0.001 -22"><span class='ocrx_word' id='word_1_144' title='bbox 199 3871 313 3915; x_wconf 88' lang='lat' dir='ltr'>rumve</span> <span class='ocrx_word' id='word_1_145' title='bbox 342 3848 425 3914; x_wconf 88' lang='lat' dir='ltr'>actis</span> <span class='ocrx_word' id='word_1_146' title='bbox 453 3855 486 3913; x_wconf 93' lang='lat' dir='ltr'>et</span> <span class='ocrx_word' id='word_1_147' title='bbox 513 3847 634 3914; x_wconf 88' lang='lat' dir='ltr'>libellis</span> <span class='ocrx_word' id='word_1_148' title='bbox 661 3847 695 3911; x_wconf 93' lang='lat' dir='ltr'>in</span> <span class='ocrx_word' id='word_1_149' title='bbox 719 3846 964 3933; x_wconf 87' lang='lat' dir='ltr'>municipalium</span> <span class='ocrx_word' id='word_1_150' title='bbox 987 3848 1098 3934; x_wconf 90' lang='lat' dir='ltr'>potius</span> <span class='ocrx_word' id='word_1_151' title='bbox 1124 3858 1157 3914; x_wconf 93' lang='lat' dir='ltr'>et</span> <span class='ocrx_word' id='word_1_152' title='bbox 1179 3849 1430 3934; x_wconf 80' lang='lat' dir='ltr'>provincialium</span> <span class='ocrx_word' id='word_1_153' title='bbox 1453 3873 1529 3937; x_wconf 86' lang='lat' dir='ltr'>gra-</span> 
     </span>
     <span class='ocr_line' id='line_1_17' title="bbox 199 3961 1528 4050; baseline 0 -21"><span class='ocrx_word' id='word_1_154' title='bbox 199 3964 280 4029; x_wconf 86' lang='lat' dir='ltr'>tiam</span> <span class='ocrx_word' id='word_1_155' title='bbox 311 3985 410 4048; x_wconf 91' lang='lat' dir='ltr'>qnam</span> <span class='ocrx_word' id='word_1_156' title='bbox 440 3961 643 4027; x_wconf 90' lang='lat' dir='ltr'>eruditorum</span> <span class='ocrx_word' id='word_1_157' title='bbox 672 3962 817 4026; x_wconf 90' lang='lat' dir='ltr'>omnium</span> <span class='ocrx_word' id='word_1_158' title='bbox 845 3962 992 4047; x_wconf 90' lang='lat' dir='ltr'>scriptis,</span> <span class='ocrx_word' id='word_1_159' title='bbox 1023 3972 1195 4050; x_wconf 90' lang='lat' dir='ltr'>praeterea</span> <span class='ocrx_word' id='word_1_160' title='bbox 1222 3964 1326 4028; x_wconf 91' lang='lat' dir='ltr'>multa</span> <span class='ocrx_word' id='word_1_161' title='bbox 1350 3987 1462 4030; x_wconf 91' lang='lat' dir='ltr'>corum</span> <span class='ocrx_word' id='word_1_162' title='bbox 1486 3987 1528 4029; x_wconf 91' lang='lat' dir='ltr'>ne</span> 
     </span>
     <span class='ocr_line' id='line_1_18' title="bbox 199 4074 1528 4164; baseline 0.001 -22"><span class='ocrx_word' id='word_1_163' title='bbox 199 4077 363 4163; x_wconf 83' lang='lat' dir='ltr'>prodeant</span> <span class='ocrx_word' id='word_1_164' title='bbox 387 4075 531 4161; x_wconf 90' lang='lat' dir='ltr'>quidem,</span> <span class='ocrx_word' id='word_1_165' title='bbox 555 4097 630 4140; x_wconf 90' lang='lat' dir='ltr'>cnm</span> <span class='ocrx_word' id='word_1_166' title='bbox 653 4075 785 4141; x_wconf 85' lang='lat' dir='ltr'>occasio</span> <span class='ocrx_word' id='word_1_167' title='bbox 809 4074 927 4140; x_wconf 90' lang='lat' dir='ltr'>edendi</span> <span class='ocrx_word' id='word_1_168' title='bbox 951 4075 1093 4142; x_wconf 85' lang='lat' dir='ltr'>deficiat.</span> <span class='ocrx_word' id='word_1_169' title='bbox 1140 4077 1194 4142; x_wconf 91' lang='lat' dir='ltr'>Ita</span> <span class='ocrx_word' id='word_1_170' title='bbox 1216 4078 1266 4160; x_wconf 91' lang='lat' dir='ltr'>fit,</span> <span class='ocrx_word' id='word_1_171' title='bbox 1289 4087 1327 4142; x_wconf 93' lang='lat' dir='ltr'>ut</span> <span class='ocrx_word' id='word_1_172' title='bbox 1350 4101 1435 4164; x_wconf 91' lang='lat' dir='ltr'>quae</span> <span class='ocrx_word' id='word_1_173' title='bbox 1459 4078 1528 4143; x_wconf 86' lang='lat' dir='ltr'>fors</span> 
     </span>
     <span class='ocr_line' id='line_1_19' title="bbox 200 4188 1527 4277; baseline -0.002 -19"><span class='ocrx_word' id='word_1_174' title='bbox 200 4192 321 4258; x_wconf 89' lang='lat' dir='ltr'>obtulit</span> <span class='ocrx_word' id='word_1_175' title='bbox 342 4191 535 4277; x_wconf 91' lang='lat' dir='ltr'>plerumque</span> <span class='ocrx_word' id='word_1_176' title='bbox 558 4198 636 4276; x_wconf 89' lang='lat' dir='ltr'>post</span> <span class='ocrx_word' id='word_1_177' title='bbox 658 4210 761 4254; x_wconf 88' lang='lat' dir='ltr'>annos</span> <span class='ocrx_word' id='word_1_178' title='bbox 785 4188 916 4254; x_wconf 89' lang='lat' dir='ltr'>demum</span> <span class='ocrx_word' id='word_1_179' title='bbox 939 4190 979 4256; x_wconf 90' lang='lat' dir='ltr'>iis</span> <span class='ocrx_word' id='word_1_180' title='bbox 1000 4191 1210 4257; x_wconf 89' lang='lat' dir='ltr'>innotescant</span> <span class='ocrx_word' id='word_1_181' title='bbox 1226 4215 1364 4277; x_wconf 81' lang='lat' dir='ltr'>quorum</span> <span class='ocrx_word' id='word_1_182' title='bbox 1379 4193 1527 4258; x_wconf 86' lang='lat' dir='ltr'>interest.</span> 
     </span>
     <span class='ocr_line' id='line_1_20' title="bbox 202 4304 1528 4392; baseline -0.002 -19"><span class='ocrx_word' id='word_1_183' title='bbox 202 4304 289 4373; x_wconf 91' lang='lat' dir='ltr'>Sane</span> <span class='ocrx_word' id='word_1_184' title='bbox 319 4306 376 4390; x_wconf 90' lang='lat' dir='ltr'>qui</span> <span class='ocrx_word' id='word_1_185' title='bbox 403 4306 437 4369; x_wconf 92' lang='lat' dir='ltr'>in</span> <span class='ocrx_word' id='word_1_186' title='bbox 466 4305 518 4372; x_wconf 89' lang='lat' dir='ltr'>his</span> <span class='ocrx_word' id='word_1_187' title='bbox 547 4304 665 4370; x_wconf 84' lang='lat' dir='ltr'>studiis</span> <span class='ocrx_word' id='word_1_188' title='bbox 695 4326 829 4388; x_wconf 90' lang='lat' dir='ltr'>operam</span> <span class='ocrx_word' id='word_1_189' title='bbox 859 4304 972 4389; x_wconf 91' lang='lat' dir='ltr'>posuit</span> <span class='ocrx_word' id='word_1_190' title='bbox 1000 4306 1028 4370; x_wconf 91' lang='lat' dir='ltr'>si</span> <span class='ocrx_word' id='word_1_191' title='bbox 1059 4306 1237 4392; x_wconf 79' lang='lat' dir='ltr'>cogitabit,</span> <span class='ocrx_word' id='word_1_192' title='bbox 1268 4331 1333 4392; x_wconf 91' lang='lat' dir='ltr'>qua</span> <span class='ocrx_word' id='word_1_193' title='bbox 1359 4307 1528 4371; x_wconf 91' lang='lat' dir='ltr'>molitione</span> 
     </span>
     <span class='ocr_line' id='line_1_21' title="bbox 201 4417 1529 4507; baseline 0 -24"><span class='ocrx_word' id='word_1_194' title='bbox 201 4441 285 4505; x_wconf 89' lang='lat' dir='ltr'>opus</span> <span class='ocrx_word' id='word_1_195' title='bbox 312 4420 397 4484; x_wconf 88' lang='lat' dir='ltr'>foret</span> <span class='ocrx_word' id='word_1_196' title='bbox 420 4419 462 4484; x_wconf 86' lang='lat' dir='ltr'>ad</span> <span class='ocrx_word' id='word_1_197' title='bbox 484 4419 735 4504; x_wconf 89' lang='lat' dir='ltr'>inscriptionum</span> <span class='ocrx_word' id='word_1_198' title='bbox 764 4441 825 4503; x_wconf 88' lang='lat' dir='ltr'>per</span> <span class='ocrx_word' id='word_1_199' title='bbox 852 4417 913 4483; x_wconf 90' lang='lat' dir='ltr'>hos</span> <span class='ocrx_word' id='word_1_200' title='bbox 944 4417 1057 4484; x_wconf 90' lang='lat' dir='ltr'>decem</span> <span class='ocrx_word' id='word_1_201' title='bbox 1086 4443 1191 4486; x_wconf 90' lang='lat' dir='ltr'>annos</span> <span class='ocrx_word' id='word_1_202' title='bbox 1218 4421 1386 4507; x_wconf 87' lang='lat' dir='ltr'>proximos</span> <span class='ocrx_word' id='word_1_203' title='bbox 1414 4420 1529 4484; x_wconf 81' lang='lat' dir='ltr'>inven-</span> 
     </span>
     <span class='ocr_line' id='line_1_22' title="bbox 200 4531 1529 4620; baseline 0.001 -23"><span class='ocrx_word' id='word_1_204' title='bbox 200 4542 308 4597; x_wconf 88' lang='lat' dir='ltr'>tarum</span> <span class='ocrx_word' id='word_1_205' title='bbox 331 4532 451 4596; x_wconf 91' lang='lat' dir='ltr'>iustam</span> <span class='ocrx_word' id='word_1_206' title='bbox 474 4533 625 4597; x_wconf 89' lang='lat' dir='ltr'>notitiam</span> <span class='ocrx_word' id='word_1_207' title='bbox 649 4531 922 4616; x_wconf 81' lang='lat' dir='ltr'>comparandam,</span> <span class='ocrx_word' id='word_1_208' title='bbox 950 4555 1016 4597; x_wconf 92' lang='lat' dir='ltr'>non</span> <span class='ocrx_word' id='word_1_209' title='bbox 1039 4534 1190 4620; x_wconf 85' lang='lat' dir='ltr'>negabit,</span> <span class='ocrx_word' id='word_1_210' title='bbox 1213 4535 1277 4600; x_wconf 93' lang='lat' dir='ltr'>nisi</span> <span class='ocrx_word' id='word_1_211' title='bbox 1301 4556 1379 4599; x_wconf 90' lang='lat' dir='ltr'>cura</span> <span class='ocrx_word' id='word_1_212' title='bbox 1402 4532 1529 4615; x_wconf 90' lang='lat' dir='ltr'>eadem,</span> 
     </span>
     <span class='ocr_line' id='line_1_23' title="bbox 201 4645 1529 4733; baseline 0 -21"><span class='ocrx_word' id='word_1_213' title='bbox 201 4669 267 4733; x_wconf 91' lang='lat' dir='ltr'>qua</span> <span class='ocrx_word' id='word_1_214' title='bbox 295 4646 338 4711; x_wconf 88' lang='lat' dir='ltr'>ad</span> <span class='ocrx_word' id='word_1_215' title='bbox 368 4667 488 4732; x_wconf 84' lang='lat' dir='ltr'>corpus</span> <span class='ocrx_word' id='word_1_216' title='bbox 515 4646 767 4731; x_wconf 88' lang='lat' dir='ltr'>inscriptionum</span> <span class='ocrx_word' id='word_1_217' title='bbox 789 4646 986 4711; x_wconf 89' lang='lat' dir='ltr'>Latinarum</span> <span class='ocrx_word' id='word_1_218' title='bbox 1012 4645 1146 4715; x_wconf 89' lang='lat' dir='ltr'>tandem</span> <span class='ocrx_word' id='word_1_219' title='bbox 1178 4647 1355 4732; x_wconf 88' lang='lat' dir='ltr'>aliquando</span> <span class='ocrx_word' id='word_1_220' title='bbox 1378 4648 1529 4732; x_wconf 81' lang='lat' dir='ltr'>perveni·</span> 
     </span>
     <span class='ocr_line' id='line_1_24' title="bbox 200 4759 1529 4846; baseline 0.002 -20"><span class='ocrx_word' id='word_1_221' title='bbox 200 4783 285 4843; x_wconf 89' lang='lat' dir='ltr'>mus,</span> <span class='ocrx_word' id='word_1_222' title='bbox 308 4769 387 4846; x_wconf 90' lang='lat' dir='ltr'>post</span> <span class='ocrx_word' id='word_1_223' title='bbox 409 4759 444 4825; x_wconf 92' lang='lat' dir='ltr'>id</span> <span class='ocrx_word' id='word_1_224' title='bbox 467 4759 655 4826; x_wconf 89' lang='lat' dir='ltr'>absolutum</span> <span class='ocrx_word' id='word_1_225' title='bbox 679 4771 812 4826; x_wconf 88' lang='lat' dir='ltr'>strenue</span> <span class='ocrx_word' id='word_1_226' title='bbox 836 4761 1057 4842; x_wconf 90' lang='lat' dir='ltr'>continuetur,</span> <span class='ocrx_word' id='word_1_227' title='bbox 1079 4769 1157 4846; x_wconf 90' lang='lat' dir='ltr'>post</span> <span class='ocrx_word' id='word_1_228' title='bbox 1180 4762 1263 4828; x_wconf 89' lang='lat' dir='ltr'>alios</span> <span class='ocrx_word' id='word_1_229' title='bbox 1286 4761 1400 4828; x_wconf 89' lang='lat' dir='ltr'>decem</span> <span class='ocrx_word' id='word_1_230' title='bbox 1424 4785 1529 4828; x_wconf 90' lang='lat' dir='ltr'>annos</span> 
     </span>
     <span class='ocr_line' id='line_1_25' title="bbox 201 4874 1528 4960; baseline 0.001 -19"><span class='ocrx_word' id='word_1_231' title='bbox 201 4876 235 4941; x_wconf 90' lang='lat' dir='ltr'>in</span> <span class='ocrx_word' id='word_1_232' title='bbox 258 4875 527 4960; x_wconf 89' lang='lat' dir='ltr'>inscriptionibus</span> <span class='ocrx_word' id='word_1_233' title='bbox 551 4874 608 4958; x_wconf 92' lang='lat' dir='ltr'>qui</span> <span class='ocrx_word' id='word_1_234' title='bbox 632 4874 802 4940; x_wconf 89' lang='lat' dir='ltr'>elaborent</span> <span class='ocrx_word' id='word_1_235' title='bbox 824 4896 937 4940; x_wconf 89' lang='lat' dir='ltr'>rursus</span> <span class='ocrx_word' id='word_1_236' title='bbox 960 4874 1144 4942; x_wconf 90' lang='lat' dir='ltr'>nescituros</span> <span class='ocrx_word' id='word_1_237' title='bbox 1168 4899 1253 4960; x_wconf 89' lang='lat' dir='ltr'>esse,</span> <span class='ocrx_word' id='word_1_238' title='bbox 1275 4877 1528 4945; x_wconf 86' lang='lat' dir='ltr'>instrumentum</span> 
     </span>
    </p>
   </div>
   <div class='ocr_carea' id='block_1_3' title="bbox 202 4988 1324 5161">
    <p class='ocr_par' dir='ltr' id='par_1_3' title="bbox 202 4988 1324 5161">
     <span class='ocr_line' id='line_1_26' title="bbox 202 4988 701 5056; baseline -0.002 -2"><span class='ocrx_word' id='word_1_239' title='bbox 202 4989 425 5056; x_wconf 88' lang='lat' dir='ltr'>necessarium</span> <span class='ocrx_word' id='word_1_240' title='bbox 448 4988 536 5055; x_wconf 89' lang='lat' dir='ltr'>unde</span> <span class='ocrx_word' id='word_1_241' title='bbox 560 4998 701 5056; x_wconf 89' lang='lat' dir='ltr'>sumant.</span> 
     </span>
     <span class='ocr_line' id='line_1_27' title="bbox 1290 5102 1324 5161; baseline 0 -29"><span class='ocrx_word' id='word_1_242' title='bbox 1290 5102 1324 5161; x_wconf 59' lang='grc'>14</span> 
     </span>
    </p>
   </div>
   <div class='ocr_carea' id='block_1_4' title="bbox 0 0 1755 5804">
    <p class='ocr_par' dir='ltr' id='par_1_4' title="bbox 0 0 1755 5804">
     <span class='ocr_line' id='line_1_28' title="bbox 0 0 1755 5804; baseline 0 0"><span class='ocrx_word' id='word_1_243' title='bbox 0 0 1755 5804; x_wconf 95' lang='lat' dir='ltr'> </span> 
     </span>
    </p>
   </div>
  </div>
 </body>
</html>
