3480 5804
671 511 722 563 DE
741 510 886 563 TITVLIS
905 508 1061 562 ATTICIS.

786 675 820 735 ‘0
843 674 947 758 δ]ἤμος

651 772 804 844 Ουίβιδῖαν
825 773 916 863 ἱ]ερᾶν
937 771 1079 859 παρθένον

618 873 749 962 Signo?
770 873 938 959 OerrSJr'cv
960 873 1113 965 Otis'ppmvoc

639 972 794 1063 θυγατέρα
814 973 985 1060 &belisiae
1005 971 1094 1039 ἕνεκα.

202 1139 303 1213 Atque
323 1155 357 1195 re
371 1155 443 1194 vera
453 1133 575 1193 Vibidia
590 1135 674 1210 virgo
685 1134 820 1193 Vestalis
842 1133 973 1192 maxima
994 1151 1073 1191 anno
1089 1134 1128 1193 48
1144 1151 1173 1210 p.
1190 1131 1260 1193 Chr.
1283 1145 1531 1196 commemoratur

203 1258 222 1297 a
240 1237 348 1297 Tacito
369 1237 427 1308 XI,
442 1234 492 1295 32.
509 1236 558 1307 84,
581 1254 671 1311 quam
693 1235 817 1293 eandem
838 1251 911 1293 esse·
926 1253 994 1292 cum
1014 1236 1068 1293 illa
1089 1254 1125 1292 eo
1147 1236 1257 1294 certius
1279 1246 1333 1309 cst,
1355 1238 1435 1314 quod
1457 1257 1531 1315 gens

202 1337 326 1397 Vibidia
345 1354 469 1413 perraro
490 1337 521 1393 in
542 1336 636 1394 titulis
658 1343 688 1395 et
709 1335 789 1412 apud
811 1336 975 1412 scriptores
995 1343 1158 1412 comparet.
1193 1335 1333 1396 Vibidius
1348 1337 1439 1397 Virro
1459 1359 1532 1400 nus·

202 1457 293 1517 quam
314 1438 497 1510 nominatum
519 1446 551 1495 at
571 1436 695 1495 Tacitus
716 1437 796 1494 Ann.
818 1435 858 1507 11,
874 1436 912 1493 48
934 1437 1012 1495 inter
1031 1454 1083 1495 eos
1106 1444 1270 1509 senatores,
1292 1456 1368 1514 quos
1390 1440 1530 1500 Tiberius

203 1555 281 1597 anno
304 1540 339 1598 17
360 1558 390 1615 p.
408 1536 480 1597 Chr.
498 1544 629 1614 ‘propter
655 1556 718 1596 rem
744 1536 922 1595 familiarem
949 1537 1042 1595 nimia
1067 1537 1189 1595 luxuria
1217 1539 1397 1600 exhaustam
1424 1551 1531 1600 senatu

203 1639 310 1712 morit,
332 1639 484 1698 Vibidium
507 1639 662 1698 Varronem
686 1639 816 1696 exhibet.
860 1635 961 1710 Quare
986 1657 1052 1696 cum
1080 1646 1132 1695 aut
1159 1640 1349 1698 statuendum
1375 1641 1416 1699 sit
1435 1644 1531 1719 gentis

203 1738 344 1799 Vibidiae
370 1749 431 1799 tam
457 1741 606 1798 obscurae
632 1757 667 1797 ac
693 1757 787 1815 paene
812 1738 932 1816 ignotae
958 1738 1033 1797 duas
1063 1739 1159 1798 fuisse
1186 1738 1332 1812 familias,
1359 1758 1436 1816 quae
1462 1761 1531 1820 cog·

202 1841 324 1899 nomina
345 1840 498 1900 simillima
511 1840 657 1900 Varronis
679 1846 709 1897 et
722 1839 858 1897 Virronis
880 1839 1060 1916 gessissent,
1090 1848 1141 1898 aut
1161 1860 1180 1898 a
1200 1840 1321 1898 librario
1343 1842 1421 1918 apud
1443 1843 1532 1901 Taci-

204 1949 267 1999 tum
294 1942 384 2001 huius
410 1942 595 2020 cognominis
624 1939 750 1998 inauditi
774 1939 840 1998 loco
860 1939 935 1999 illud
956 1941 988 1998 in
1009 1939 1075 1998 aliis
1097 1941 1237 2016 gentibus
1259 1941 1532 2017 frequentissimum

205 2042 399 2101 substitutum
425 2059 508 2113 esse,
536 2061 624 2100 nemo
651 2040 813 2111 dubitabit,
840 2041 912 2116 quin
940 2041 1011 2114 hoc,
1039 2042 1121 2116 quod
1147 2042 1314 2118 posteriore
1337 2042 1405 2102 loco
1433 2045 1532 2121 posui,

205 2143 292 2202 unice
313 2162 427 2214 verum,
448 2143 575 2218 ideoque
597 2142 678 2219 apud
692 2141 832 2200 Tacitum
852 2142 936 2200 Virro
958 2160 1013 2218 pro
1031 2142 1367 2201 Varrorescribendum
1389 2144 1437 2202 sit.
1475 2143 1532 2205 Ce-

204 2251 300 2301 terum
328 2253 424 2303 utrum
447 2243 496 2302 hic
509 2243 649 2302 Vibidius
664 2243 755 2302 Virro
776 2243 855 2300 idem
878 2242 918 2300 sit
938 2261 1006 2300 cum
1027 2249 1112 2318 patre
1133 2242 1257 2320 virginis
1273 2242 1408 2302 Vestalis
1429 2264 1533 2317 necne,

203 2363 260 2421 pro
285 2352 368 2403 certo
392 2343 453 2402 dici
481 2344 593 2419 nequit.
636 2342 671 2401 Id
702 2361 792 2400 unum
819 2342 918 2400 dicere
945 2342 1030 2414 licet,
1058 2352 1224 2419 temporum
1246 2345 1379 2403 rationes
1400 2363 1460 2403 non
1482 2346 1533 2404 ob·

113 2512 117 2517 ,
205 2454 294 2503 stare.
338 2443 418 2505 Saue
443 2462 503 2502 nou
528 2444 708 2503 credendum
735 2452 794 2513 est,
821 2449 981 2519 postquam
1002 2449 1088 2520 pater
1109 2461 1145 2501 ea
1165 2444 1329 2519 ignominia
1349 2445 1387 2502 ab
1408 2444 1533 2520 impera-

204 2554 270 2603 tore
296 2545 423 2605 affectus
450 2554 510 2617 est,
543 2555 577 2604 ut
605 2551 711 2604 senatu
738 2551 920 2614 moveretur,
948 2543 1040 2600 filiam
1067 2543 1214 2619 virginem
1233 2544 1387 2602 Vestalem
1414 2553 1533 2622 captam

204 2663 283 2705 esse.
327 2643 387 2706 Sed
409 2663 477 2704 cum
491 2645 616 2705 Vibidia
636 2646 691 2703 illa
711 2663 789 2703 anno
809 2663 839 2721 p.
855 2642 927 2702 Chr.
943 2644 982 2702 48
1004 2651 1076 2702 natu
1097 2643 1230 2702 maxima
1250 2664 1289 2702 ex
1311 2645 1449 2704 omnibus
1465 2646 1533 2704 Vir-

205 2746 325 2823 ginibus
339 2747 515 2807 Vestalibus
536 2747 639 2819 fuerit,
664 2746 738 2822 quid
759 2746 896 2821 impedit,
919 2744 1078 2820 quominus
1100 2763 1165 2802 eam
1187 2744 1247 2803 iam
1268 2751 1337 2803 ante
1359 2765 1469 2805 annum
1495 2747 1532 2804 17

204 2868 235 2925 p.
251 2846 335 2919 chr,
356 2849 425 2925 plus
446 2866 536 2924 quam
558 2867 617 2906 uno
640 2855 670 2905 et
691 2846 813 2922 triginta
834 2845 921 2908 annis
944 2856 1021 2917 ante,
1044 2846 1074 2903 in
1095 2865 1197 2903 earum
1215 2865 1369 2904 numerum
1383 2858 1534 2923 receptam

207 2948 393 3008 statuamus?
429 2948 476 3008 Ns
498 2949 529 3006 id
550 2948 669 3025 quidem
690 2947 848 3006 diiudicari
867 2956 976 3023 potest,
997 2966 1070 3004 num
1085 2944 1196 3007 Sextus
1207 2946 1347 3006 Vibidius
1359 2946 1461 3022 Virro,
1483 2949 1534 3024 qui

205 3049 238 3107 in
258 3049 353 3108 altero
375 3050 462 3108 titulo
476 3050 578 3108 Attico
600 3059 656 3120 est,
677 3050 755 3107 idem
777 3049 816 3106 sit
837 3067 905 3106 cum
928 3055 1066 3106 senatore
1086 3047 1150 3119 illo,
1172 3046 1255 3107 culus
1277 3067 1458 3125 praenomen
1473 3051 1534 3110 Ta·

205 3150 284 3209 citus
305 3167 366 3208 non
388 3151 481 3224 addit,
503 3160 533 3208 et
553 3158 638 3227 patre
660 3149 785 3228 virginis
800 3148 944 3208 Vestalis.

290 3251 320 3310 3.
362 3251 453 3310 Busis
475 3252 632 3310 marmoris
654 3248 814 3327 Hymettii,
841 3249 1023 3308 occidentem
1045 3267 1149 3308 versus
1175 3269 1194 3307 a
1215 3249 1405 3327 Propylaeis.
1448 3251 1535 3310 Titu-

207 3350 269 3408 lum
296 3351 389 3410 edidit
413 3352 545 3411 Pittalris
568 3346 636 3428 Ἐφ.
664 3345 736 3432 dep,
759 3348 850 3407 2118.
895 3349 990 3408 Beuld
1016 3352 1127 3427 Acrop.
1147 3351 1179 3408 II
1207 3370 1236 3427 p.
1253 3349 1330 3421 348,
1358 3352 1455 3412 denuo
1484 3353 1535 3411 dc·

208 3451 328 3531 scripsit
347 3451 387 3512 U.
409 3432 559 3513 Kochler:

659 3581 686 3609 υ

631 3657 708 3709 ΩΝι.
855 3682 879 3709 υ

660 3753 933 3814 ΠΟΓΙΙΙΙΙΙΙΟΥΙΙΙΙ
943 3757 1071 3812 1Ε....(,

602 3857 943 3912 ΖΒΕΥΤΟΥΤΩΙ
1014 3857 1074 3915 ills

602 3956 966 4016 ΣΤΡΑΤΙΙΙΙΙΓΟΥΜΙΝΙΙΙ
1020 3959 1040 4012 Ρ

602 4058 907 4112 ΤΟΣΕΠΙΤΟΥΣΟ
995 4058 1140 4116 ΤΙΙΙΣΤΙΙΙ

603 4159 896 4213 ΔΙΟΚΛΕΟΥΣΤο1
910 4158 1148 4218 ἺΙΙΙΙΙΛΙΖΤΙΙΙ

604 4260 964 4313 ΔΑΔΟΥΧΟΥΦΙΛΟΚΑΙ
975 4260 1076 4313 ΣΑΡΩ

603 4359 1147 4416 ΤΑΤΡΙΔΟΣΤΟΥΚΑΙΕΙΙΙΣΗΓΙΙΙΙ

517 4477 542 4514 m
696 4461 900 4512 surreperet
926 4461 1051 4514 ΙΟΥΝΙΑ

696 4560 880 4612 ΜΕΓΙΣΤΗΣ
912 4560 1034 4615 ΤΗΣΖΗ

697 4658 887 4712 ΣΟΥΝΙΕΩΣ
923 4659 1051 4713 ΘΥΓΑΤ

211 4816 345 4896 Tempus
374 4818 574 4878 certissimum
600 4824 654 4874 est.
698 4811 832 4870 Nomina
857 4811 935 4870 enim
963 4811 1078 4871 Dioclis
1101 4813 1299 4873 Themistocli
1325 4813 1454 4873 daduchi
1481 4816 1536 4875 filii

211 4916 257 4992 (et
277 4919 397 4995 quidem
419 4920 481 4978 illic
502 4936 622 4994 quoque
641 4914 743 4972 addito
758 4913 930 4996 φιλοκαῒσαρ
944 4902 992 4970 καὶ
1005 4905 1197 4998 φιλόπατρις),
1219 4923 1249 4974 et
1263 4915 1368 4975 Iuniae
1382 4916 1536 4994 Megistos,

211 5016 345 5079 Zenonis
359 5016 515 5079 Suuiensis
537 5018 626 5088 tiliae,
648 5034 724 5092 quae
747 5014 877 5072 hicnon
899 5014 1017 5089 quidem
1040 5015 1131 5091 plena
1150 5014 1279 5087 exstant,
1301 5015 1354 5074 sed
1371 5017 1414 5075 ita
1428 5026 1537 5089 tamen,

210 5125 246 5177 ut
271 5117 309 5179 da
335 5119 381 5179 eis
407 5117 537 5180 dubitari
557 5125 701 5195 nequeat,
728 5115 918 5175 inveniuntur
938 5115 1027 5174 etiam
1046 5109 1113 5193 Ἐφ.
1135 5110 1208 5200 cipp,
1234 5115 1289 5189 79,
1317 5134 1377 5193 quo
1397 5117 1429 5175 in
1450 5116 1537 5176 titulo
