<?xml version="1.0" encoding="UTF-8"?>
<!DOCTYPE html PUBLIC "-//W3C//DTD XHTML 1.0 Transitional//EN"
    "http://www.w3.org/TR/xhtml1/DTD/xhtml1-transitional.dtd">
<html xmlns="http://www.w3.org/1999/xhtml" xml:lang="en" lang="en">
 <head>
  <title>
</title>
<meta http-equiv="Content-Type" content="text/html;charset=utf-8" />
  <meta name='ocr-system' content='tesseract 3.04.00' />
  <meta name='ocr-capabilities' content='ocr_page ocr_carea ocr_par ocr_line ocrx_word'/>
</head>
<body>
  <div class='ocr_page' id='page_1' title='image "./ephemerisepigra07instgoog_0126.png"; bbox 0 0 3480 5804; ppageno 0'>
   <div class='ocr_carea' id='block_1_1' title="bbox 302 480 1045 550">
    <p class='ocr_par' dir='ltr' id='par_1_1' title="bbox 302 480 1045 550">
     <span class='ocr_line' id='line_1_1' title="bbox 302 480 1045 550; baseline -0.007 0"><span class='ocrx_word' id='word_1_1' title='bbox 302 480 374 550; x_wconf 79' lang='lat'>120</span> <span class='ocrx_word' id='word_1_2' title='bbox 869 495 1045 547; x_wconf 75' lang='lat' dir='ltr'>sonuuuu</span> 
     </span>
    </p>
   </div>
   <div class='ocr_carea' id='block_1_2' title="bbox 297 664 1633 1029">
    <p class='ocr_par' dir='ltr' id='par_1_2' title="bbox 297 664 1633 1029">
     <span class='ocr_line' id='line_1_2' title="bbox 298 664 1629 742; baseline -0.007 -14"><span class='ocrx_word' id='word_1_3' title='bbox 298 667 440 729; x_wconf 86' lang='lat' dir='ltr'>‘mutilata</span> <span class='ocrx_word' id='word_1_4' title='bbox 460 669 557 727; x_wconf 90' lang='lat' dir='ltr'>adhuc</span> <span class='ocrx_word' id='word_1_5' title='bbox 582 669 721 737; x_wconf 90' lang='lat' dir='ltr'>cernitur,</span> <span class='ocrx_word' id='word_1_6' title='bbox 747 685 823 742; x_wconf 88' lang='lat' dir='ltr'>quae</span> <span class='ocrx_word' id='word_1_7' title='bbox 849 684 916 725; x_wconf 92' lang='lat' dir='ltr'>cum</span> <span class='ocrx_word' id='word_1_8' title='bbox 942 666 1054 725; x_wconf 90' lang='lat' dir='ltr'>sacello</span> <span class='ocrx_word' id='word_1_9' title='bbox 1080 666 1111 722; x_wconf 94' lang='lat' dir='ltr'>in</span> <span class='ocrx_word' id='word_1_10' title='bbox 1133 680 1207 722; x_wconf 90' lang='lat' dir='ltr'>usus</span> <span class='ocrx_word' id='word_1_11' title='bbox 1229 664 1378 722; x_wconf 88' lang='lat' dir='ltr'>humanos</span> <span class='ocrx_word' id='word_1_12' title='bbox 1400 671 1448 720; x_wconf 89' lang='lat' dir='ltr'>est</span> <span class='ocrx_word' id='word_1_13' title='bbox 1469 680 1629 721; x_wconf 84' lang='lat' dir='ltr'>conversa.</span> 
     </span>
     <span class='ocr_line' id='line_1_3' title="bbox 297 763 1633 845; baseline -0.004 -17"><span class='ocrx_word' id='word_1_14' title='bbox 297 767 353 828; x_wconf 86' lang='lat' dir='ltr'>‘Ibi</span> <span class='ocrx_word' id='word_1_15' title='bbox 374 780 471 828; x_wconf 85' lang='lat' dir='ltr'>autem</span> <span class='ocrx_word' id='word_1_16' title='bbox 493 768 637 845; x_wconf 81' lang='lat' dir='ltr'>proximis</span> <span class='ocrx_word' id='word_1_17' title='bbox 659 768 764 827; x_wconf 88' lang='lat' dir='ltr'>diebus</span> <span class='ocrx_word' id='word_1_18' title='bbox 785 767 927 827; x_wconf 89' lang='lat' dir='ltr'>effossum</span> <span class='ocrx_word' id='word_1_19' title='bbox 948 775 994 826; x_wconf 90' lang='lat' dir='ltr'>est</span> <span class='ocrx_word' id='word_1_20' title='bbox 1016 766 1173 824; x_wconf 89' lang='lat' dir='ltr'>marmoris</span> <span class='ocrx_word' id='word_1_21' title='bbox 1194 765 1332 836; x_wconf 84' lang='lat' dir='ltr'>frustum,</span> <span class='ocrx_word' id='word_1_22' title='bbox 1355 764 1437 840; x_wconf 93' lang='lat' dir='ltr'>quod</span> <span class='ocrx_word' id='word_1_23' title='bbox 1459 763 1489 820; x_wconf 94' lang='lat' dir='ltr'>in</span> <span class='ocrx_word' id='word_1_24' title='bbox 1505 763 1633 823; x_wconf 79' lang='lat' dir='ltr'>frontis·</span> 
     </span>
     <span class='ocr_line' id='line_1_4' title="bbox 297 864 1633 946; baseline -0.006 -17"><span class='ocrx_word' id='word_1_25' title='bbox 297 867 384 945; x_wconf 86' lang='lat' dir='ltr'>‘pioio</span> <span class='ocrx_word' id='word_1_26' title='bbox 405 869 537 928; x_wconf 89' lang='lat' dir='ltr'>eiusdem</span> <span class='ocrx_word' id='word_1_27' title='bbox 563 870 666 946; x_wconf 85' lang='lat' dir='ltr'>templi</span> <span class='ocrx_word' id='word_1_28' title='bbox 692 869 786 927; x_wconf 89' lang='lat' dir='ltr'>luisse</span> <span class='ocrx_word' id='word_1_29' title='bbox 813 868 998 926; x_wconf 81' lang='lat' dir='ltr'><strong>arbitramur.</strong></span> <span class='ocrx_word' id='word_1_30' title='bbox 1042 868 1078 925; x_wconf 90' lang='lat' dir='ltr'>In</span> <span class='ocrx_word' id='word_1_31' title='bbox 1100 885 1175 943; x_wconf 90' lang='lat' dir='ltr'>quo,</span> <span class='ocrx_word' id='word_1_32' title='bbox 1202 883 1295 925; x_wconf 91' lang='lat' dir='ltr'>sensu</span> <span class='ocrx_word' id='word_1_33' title='bbox 1315 864 1505 941; x_wconf 88' lang='lat' dir='ltr'>imperfecto,</span> <span class='ocrx_word' id='word_1_34' title='bbox 1532 864 1633 923; x_wconf 86' lang='lat' dir='ltr'>incisa</span> 
     </span>
     <span class='ocr_line' id='line_1_5' title="bbox 299 965 619 1029; baseline 0 -1"><span class='ocrx_word' id='word_1_35' title='bbox 299 967 392 1028; x_wconf 89' lang='lat' dir='ltr'>‘erant</span> <span class='ocrx_word' id='word_1_36' title='bbox 412 971 485 1029; x_wconf 89' lang='lat' dir='ltr'>haec</span> <span class='ocrx_word' id='word_1_37' title='bbox 506 965 619 1028; x_wconf 84' lang='lat' dir='ltr'>verba&#39;:</span> 
     </span>
    </p>
   </div>
   <div class='ocr_carea' id='block_1_3' title="bbox 604 1102 1305 1364">
    <p class='ocr_par' dir='ltr' id='par_1_3' title="bbox 604 1102 1305 1364">
     <span class='ocr_line' id='line_1_6' title="bbox 604 1102 1028 1145; baseline 0 0"><span class='ocrx_word' id='word_1_38' title='bbox 604 1103 670 1145; x_wconf 76' lang='lat' dir='ltr'>AVG</span> <span class='ocrx_word' id='word_1_39' title='bbox 685 1116 692 1132; x_wconf 90' lang='lat'><strong>·</strong></span> <span class='ocrx_word' id='word_1_40' title='bbox 708 1102 770 1145; x_wconf 85' lang='lat' dir='ltr'>PON</span> <span class='ocrx_word' id='word_1_41' title='bbox 787 1117 794 1131; x_wconf 94' lang='lat'><strong>·</strong></span> <span class='ocrx_word' id='word_1_42' title='bbox 809 1103 875 1145; x_wconf 77' lang='grc' dir='ltr'>ΜΑΧ</span> <span class='ocrx_word' id='word_1_43' title='bbox 890 1116 897 1131; x_wconf 95' lang='grc'>·</span> <span class='ocrx_word' id='word_1_44' title='bbox 913 1102 1028 1145; x_wconf 82' lang='lat' dir='ltr'>TRIBVN</span> 
     </span>
     <span class='ocr_line' id='line_1_7' title="bbox 604 1203 905 1247; baseline -0.007 -1"><span class='ocrx_word' id='word_1_45' title='bbox 604 1203 726 1247; x_wconf 81' lang='lat' dir='ltr'>CENSOR</span> <span class='ocrx_word' id='word_1_46' title='bbox 749 1203 808 1247; x_wconf 84' lang='lat' dir='ltr'>COS</span> <span class='ocrx_word' id='word_1_47' title='bbox 830 1204 905 1245; x_wconf 91' lang='lat' dir='ltr'>Vlll·</span> 
     </span>
     <span class='ocr_line' id='line_1_8' title="bbox 604 1302 1305 1364; baseline -0.001 -18"><span class='ocrx_word' id='word_1_48' title='bbox 604 1303 789 1347; x_wconf 75' lang='lat' dir='ltr'><strong>ANTONINVS</strong></span> <span class='ocrx_word' id='word_1_49' title='bbox 805 1305 842 1346; x_wconf 82' lang='lat' dir='ltr'>Pll</span> <span class='ocrx_word' id='word_1_50' title='bbox 854 1317 861 1332; x_wconf 93' lang='lat'><strong>·</strong></span> <span class='ocrx_word' id='word_1_51' title='bbox 873 1305 958 1346; x_wconf 75' lang='lat' dir='ltr'>AVGG</span> <span class='ocrx_word' id='word_1_52' title='bbox 969 1317 976 1331; x_wconf 88' lang='lat'><strong>·</strong></span> <span class='ocrx_word' id='word_1_53' title='bbox 989 1303 1105 1347; x_wconf 63' lang='lat' dir='ltr'>seticis</span> <span class='ocrx_word' id='word_1_54' title='bbox 1122 1302 1305 1364; x_wconf 71' lang='lat' dir='ltr'>assurym</span> 
     </span>
    </p>
   </div>
   <div class='ocr_carea' id='block_1_4' title="bbox 299 1403 1634 1986">
    <p class='ocr_par' dir='ltr' id='par_1_4' title="bbox 299 1403 1634 1986">
     <span class='ocr_line' id='line_1_9' title="bbox 302 1403 1633 1484; baseline -0.003 -17"><span class='ocrx_word' id='word_1_55' title='bbox 302 1405 383 1478; x_wconf 87' lang='lat' dir='ltr'>Nam</span> <span class='ocrx_word' id='word_1_56' title='bbox 404 1426 471 1465; x_wconf 90' lang='lat' dir='ltr'>cum</span> <span class='ocrx_word' id='word_1_57' title='bbox 493 1406 597 1465; x_wconf 91' lang='lat' dir='ltr'>titulos</span> <span class='ocrx_word' id='word_1_58' title='bbox 618 1407 670 1484; x_wconf 89' lang='lat' dir='ltr'>qui</span> <span class='ocrx_word' id='word_1_59' title='bbox 692 1415 762 1465; x_wconf 89' lang='lat' dir='ltr'>sunt</span> <span class='ocrx_word' id='word_1_60' title='bbox 782 1421 904 1465; x_wconf 77' lang='lat' dir='ltr'>censos</span> <span class='ocrx_word' id='word_1_61' title='bbox 920 1421 980 1465; x_wconf 89' lang='lat' dir='ltr'>cos</span> <span class='ocrx_word' id='word_1_62' title='bbox 993 1412 1046 1464; x_wconf 78' lang='lat' dir='ltr'>iun</span> <span class='ocrx_word' id='word_1_63' title='bbox 1068 1424 1156 1465; x_wconf 88' lang='lat' dir='ltr'>nemo</span> <span class='ocrx_word' id='word_1_64' title='bbox 1178 1405 1316 1463; x_wconf 85' lang='lat' dir='ltr'>habuerit</span> <span class='ocrx_word' id='word_1_65' title='bbox 1336 1405 1397 1463; x_wconf 89' lang='lat' dir='ltr'>nisi</span> <span class='ocrx_word' id='word_1_66' title='bbox 1419 1403 1633 1481; x_wconf 75' lang='lat' dir='ltr'>Vespasianus</span> 
     </span>
     <span class='ocr_line' id='line_1_10' title="bbox 299 1504 1633 1584; baseline -0.001 -18"><span class='ocrx_word' id='word_1_67' title='bbox 299 1517 330 1566; x_wconf 90' lang='lat' dir='ltr'>et</span> <span class='ocrx_word' id='word_1_68' title='bbox 354 1507 458 1579; x_wconf 82' lang='lat' dir='ltr'>Titus,</span> <span class='ocrx_word' id='word_1_69' title='bbox 486 1516 549 1565; x_wconf 88' lang='lat' dir='ltr'>tam</span> <span class='ocrx_word' id='word_1_70' title='bbox 568 1507 775 1584; x_wconf 86' lang='lat' dir='ltr'>Vespasianus</span> <span class='ocrx_word' id='word_1_71' title='bbox 803 1507 907 1565; x_wconf 87' lang='lat' dir='ltr'>eodem</span> <span class='ocrx_word' id='word_1_72' title='bbox 934 1514 1068 1582; x_wconf 88' lang='lat' dir='ltr'>tempore</span> <span class='ocrx_word' id='word_1_73' title='bbox 1094 1507 1152 1564; x_wconf 83' lang='lat' dir='ltr'>luit</span> <span class='ocrx_word' id='word_1_74' title='bbox 1177 1507 1250 1583; x_wconf 91' lang='lat' dir='ltr'>imp.</span> <span class='ocrx_word' id='word_1_75' title='bbox 1277 1504 1404 1578; x_wconf 87' lang='lat' dir='ltr'><strong>XVIII,</strong></span> <span class='ocrx_word' id='word_1_76' title='bbox 1431 1523 1492 1582; x_wconf 89' lang='lat' dir='ltr'>quo</span> <span class='ocrx_word' id='word_1_77' title='bbox 1522 1507 1633 1565; x_wconf 90' lang='lat' dir='ltr'>consul</span> 
     </span>
     <span class='ocr_line' id='line_1_11' title="bbox 300 1605 1633 1683; baseline -0.001 -18"><span class='ocrx_word' id='word_1_78' title='bbox 300 1616 447 1665; x_wconf 85' lang='lat' dir='ltr'>octavum.</span> <span class='ocrx_word' id='word_1_79' title='bbox 497 1605 586 1680; x_wconf 86' lang='lat' dir='ltr'>Quod</span> <span class='ocrx_word' id='word_1_80' title='bbox 613 1627 684 1667; x_wconf 82' lang='lat' dir='ltr'>vcro</span> <span class='ocrx_word' id='word_1_81' title='bbox 709 1609 888 1666; x_wconf 88' lang='lat' dir='ltr'>Marlianius</span> <span class='ocrx_word' id='word_1_82' title='bbox 914 1609 945 1666; x_wconf 92' lang='lat' dir='ltr'>in</span> <span class='ocrx_word' id='word_1_83' title='bbox 971 1609 1057 1666; x_wconf 91' lang='lat' dir='ltr'>initio</span> <span class='ocrx_word' id='word_1_84' title='bbox 1085 1626 1225 1666; x_wconf 88' lang='lat' dir='ltr'>versuum</span> <span class='ocrx_word' id='word_1_85' title='bbox 1248 1606 1266 1664; x_wconf 74' lang='lat'><strong>2</strong></span> <span class='ocrx_word' id='word_1_86' title='bbox 1293 1616 1324 1664; x_wconf 92' lang='lat' dir='ltr'>ct</span> <span class='ocrx_word' id='word_1_87' title='bbox 1350 1608 1368 1665; x_wconf 84' lang='lat'><strong>3</strong></span> <span class='ocrx_word' id='word_1_88' title='bbox 1396 1606 1514 1664; x_wconf 80' lang='lat' dir='ltr'>litteras</span> <span class='ocrx_word' id='word_1_89' title='bbox 1544 1607 1633 1683; x_wconf 90' lang='lat' dir='ltr'>ponit</span> 
     </span>
     <span class='ocr_line' id='line_1_12' title="bbox 301 1707 1634 1784; baseline 0.002 -19"><span class='ocrx_word' id='word_1_90' title='bbox 301 1722 361 1765; x_wconf 80' lang='lat' dir='ltr'>cau</span> <span class='ocrx_word' id='word_1_91' title='bbox 383 1715 414 1765; x_wconf 91' lang='lat' dir='ltr'>et</span> <span class='ocrx_word' id='word_1_92' title='bbox 434 1724 491 1780; x_wconf 78' lang='grc' dir='ltr'>ΑΝ,</span> <span class='ocrx_word' id='word_1_93' title='bbox 518 1726 592 1784; x_wconf 89' lang='lat' dir='ltr'>quas</span> <span class='ocrx_word' id='word_1_94' title='bbox 615 1707 801 1768; x_wconf 87' lang='lat' dir='ltr'>Grimaldius</span> <span class='ocrx_word' id='word_1_95' title='bbox 824 1717 949 1766; x_wconf 86' lang='lat' dir='ltr'>testatur</span> <span class='ocrx_word' id='word_1_96' title='bbox 969 1709 1066 1767; x_wconf 81' lang='lat' dir='ltr'>luisse</span> <span class='ocrx_word' id='word_1_97' title='bbox 1087 1710 1118 1766; x_wconf 92' lang='lat' dir='ltr'>in</span> <span class='ocrx_word' id='word_1_98' title='bbox 1140 1708 1265 1766; x_wconf 86' lang='lat' dir='ltr'>alterius</span> <span class='ocrx_word' id='word_1_99' title='bbox 1286 1708 1446 1783; x_wconf 85' lang='lat' dir='ltr'>fragmenti</span> <span class='ocrx_word' id='word_1_100' title='bbox 1467 1707 1543 1779; x_wconf 89' lang='lat' dir='ltr'>fine,</span> <span class='ocrx_word' id='word_1_101' title='bbox 1569 1727 1634 1767; x_wconf 92' lang='lat' dir='ltr'>non</span> 
     </span>
     <span class='ocr_line' id='line_1_13' title="bbox 299 1807 1634 1886; baseline 0.002 -20"><span class='ocrx_word' id='word_1_102' title='bbox 299 1807 417 1867; x_wconf 89' lang='lat' dir='ltr'>videtur</span> <span class='ocrx_word' id='word_1_103' title='bbox 438 1810 566 1880; x_wconf 88' lang='lat' dir='ltr'>obstare,</span> <span class='ocrx_word' id='word_1_104' title='bbox 588 1828 654 1867; x_wconf 89' lang='lat' dir='ltr'>cum</span> <span class='ocrx_word' id='word_1_105' title='bbox 673 1810 848 1868; x_wconf 88' lang='lat' dir='ltr'>Marlianius</span> <span class='ocrx_word' id='word_1_106' title='bbox 871 1827 923 1866; x_wconf 87' lang='lat' dir='ltr'>eas</span> <span class='ocrx_word' id='word_1_107' title='bbox 945 1809 1088 1867; x_wconf 83' lang='lat' dir='ltr'>facillime</span> <span class='ocrx_word' id='word_1_108' title='bbox 1109 1809 1240 1884; x_wconf 86' lang='lat' dir='ltr'>potuerit</span> <span class='ocrx_word' id='word_1_109' title='bbox 1260 1807 1381 1867; x_wconf 85' lang='lat' dir='ltr'>addere.</span> <span class='ocrx_word' id='word_1_110' title='bbox 1418 1807 1517 1867; x_wconf 87' lang='lat' dir='ltr'>Totus</span> <span class='ocrx_word' id='word_1_111' title='bbox 1539 1808 1634 1886; x_wconf 79' lang='lat' dir='ltr'>igitur</span> 
     </span>
     <span class='ocr_line' id='line_1_14' title="bbox 300 1909 874 1986; baseline 0.003 -20"><span class='ocrx_word' id='word_1_112' title='bbox 300 1909 405 1967; x_wconf 91' lang='lat' dir='ltr'>titulus</span> <span class='ocrx_word' id='word_1_113' title='bbox 427 1910 472 1967; x_wconf 87' lang='lat' dir='ltr'>sic</span> <span class='ocrx_word' id='word_1_114' title='bbox 493 1909 610 1966; x_wconf 84' lang='lat' dir='ltr'>videtur</span> <span class='ocrx_word' id='word_1_115' title='bbox 630 1910 747 1968; x_wconf 90' lang='lat' dir='ltr'>restitui</span> <span class='ocrx_word' id='word_1_116' title='bbox 769 1926 874 1986; x_wconf 90' lang='lat' dir='ltr'>posse:</span> 
     </span>
    </p>
   </div>
   <div class='ocr_carea' id='block_1_5' title="bbox 466 2042 1465 2187">
    <p class='ocr_par' dir='ltr' id='par_1_5' title="bbox 466 2042 1465 2187">
     <span class='ocr_line' id='line_1_15' title="bbox 466 2042 1465 2096; baseline 0.001 -13"><span class='ocrx_word' id='word_1_117' title='bbox 466 2045 517 2096; x_wconf 65' lang='lat' dir='ltr'>unp.</span> <span class='ocrx_word' id='word_1_118' title='bbox 537 2054 594 2086; x_wconf 68' lang='lat' dir='ltr'>caes.</span> <span class='ocrx_word' id='word_1_119' title='bbox 615 2042 800 2086; x_wconf 66' lang='lat' dir='ltr'>assensurus</span> <span class='ocrx_word' id='word_1_120' title='bbox 822 2045 913 2087; x_wconf 68' lang='grc' dir='ltr'>ο1κό</span> <span class='ocrx_word' id='word_1_121' title='bbox 935 2058 942 2072; x_wconf 91' lang='lat'><strong>·</strong></span> <span class='ocrx_word' id='word_1_122' title='bbox 966 2044 1040 2086; x_wconf 72' lang='lat' dir='ltr'>rorte</span> <span class='ocrx_word' id='word_1_123' title='bbox 1061 2057 1068 2072; x_wconf 92' lang='lat'><strong>·</strong></span> <span class='ocrx_word' id='word_1_124' title='bbox 1090 2046 1156 2087; x_wconf 72' lang='lat' dir='ltr'>unx</span> <span class='ocrx_word' id='word_1_125' title='bbox 1178 2057 1185 2071; x_wconf 95' lang='lat'><strong>·</strong></span> <span class='ocrx_word' id='word_1_126' title='bbox 1208 2044 1322 2086; x_wconf 82' lang='lat' dir='ltr'>rarsvu</span> <span class='ocrx_word' id='word_1_127' title='bbox 1347 2050 1394 2096; x_wconf 69' lang='lat' dir='ltr'>poa</span> <span class='ocrx_word' id='word_1_128' title='bbox 1415 2044 1465 2086; x_wconf 71' lang='lat' dir='ltr'>aar</span> 
     </span>
     <span class='ocr_line' id='line_1_16' title="bbox 610 2143 1315 2187; baseline -0.001 -2"><span class='ocrx_word' id='word_1_129' title='bbox 610 2144 657 2185; x_wconf 67' lang='lat' dir='ltr'>amr</span> <span class='ocrx_word' id='word_1_130' title='bbox 679 2157 686 2171; x_wconf 95' lang='lat'><strong>·</strong></span> <span class='ocrx_word' id='word_1_131' title='bbox 710 2145 783 2186; x_wconf 87' lang='lat' dir='ltr'>xvur</span> <span class='ocrx_word' id='word_1_132' title='bbox 806 2158 813 2172; x_wconf 93' lang='lat'><strong>·</strong></span> <span class='ocrx_word' id='word_1_133' title='bbox 835 2145 850 2185; x_wconf 81' lang='lat' dir='ltr'>r</span> <span class='ocrx_word' id='word_1_134' title='bbox 872 2158 879 2172; x_wconf 91' lang='lat'><strong>·</strong></span> <span class='ocrx_word' id='word_1_135' title='bbox 904 2145 919 2185; x_wconf 83' lang='lat' dir='ltr'>r</span> <span class='ocrx_word' id='word_1_136' title='bbox 942 2157 949 2172; x_wconf 93' lang='lat'><strong>·</strong></span> <span class='ocrx_word' id='word_1_137' title='bbox 971 2143 1095 2187; x_wconf 78' lang='lat' dir='ltr'>causor</span> <span class='ocrx_word' id='word_1_138' title='bbox 1117 2158 1124 2173; x_wconf 94' lang='lat'><strong>·</strong></span> <span class='ocrx_word' id='word_1_139' title='bbox 1148 2143 1209 2187; x_wconf 89' lang='lat' dir='ltr'>cos</span> <span class='ocrx_word' id='word_1_140' title='bbox 1233 2158 1240 2172; x_wconf 95' lang='lat'><strong>·</strong></span> <span class='ocrx_word' id='word_1_141' title='bbox 1263 2144 1315 2185; x_wconf 81' lang='lat' dir='ltr'>viu</span> 
     </span>
    </p>
   </div>
   <div class='ocr_carea' id='block_1_6' title="bbox 464 2280 1465 2332">
    <p class='ocr_par' dir='ltr' id='par_1_6' title="bbox 464 2280 1465 2332">
     <span class='ocr_line' id='line_1_17' title="bbox 464 2280 1465 2332; baseline 0.003 -13"><span class='ocrx_word' id='word_1_142' title='bbox 464 2281 532 2332; x_wconf 79' lang='lat' dir='ltr'>impp.</span> <span class='ocrx_word' id='word_1_143' title='bbox 543 2292 613 2324; x_wconf 72' lang='lat' dir='ltr'>coest.</span> <span class='ocrx_word' id='word_1_144' title='bbox 623 2280 921 2324; x_wconf 69' lang='lat' dir='ltr'>rsvsttvs·sr·aNTOtt</span> <span class='ocrx_word' id='word_1_145' title='bbox 925 2281 1465 2326; x_wconf 67' lang='lat' dir='ltr'>utvs·t&gt;11·svco·t=st1cEs·aestima!</span> 
     </span>
    </p>
   </div>
   <div class='ocr_carea' id='block_1_7' title="bbox 299 2379 1645 3265">
    <p class='ocr_par' dir='ltr' id='par_1_7' title="bbox 299 2379 1645 3265">
     <span class='ocr_line' id='line_1_18' title="bbox 300 2379 1634 2461; baseline 0.007 -25"><span class='ocrx_word' id='word_1_146' title='bbox 300 2379 435 2456; x_wconf 86' lang='lat' dir='ltr'>Apparet</span> <span class='ocrx_word' id='word_1_147' title='bbox 455 2399 521 2440; x_wconf 87' lang='lat' dir='ltr'>esso</span> <span class='ocrx_word' id='word_1_148' title='bbox 542 2382 661 2440; x_wconf 91' lang='lat' dir='ltr'>titulum</span> <span class='ocrx_word' id='word_1_149' title='bbox 684 2384 812 2442; x_wconf 88' lang='lat' dir='ltr'>aedificii</span> <span class='ocrx_word' id='word_1_150' title='bbox 834 2384 988 2443; x_wconf 89' lang='lat' dir='ltr'>cuiusdam</span> <span class='ocrx_word' id='word_1_151' title='bbox 1009 2403 1028 2442; x_wconf 90' lang='lat' dir='ltr'>a</span> <span class='ocrx_word' id='word_1_152' title='bbox 1042 2384 1234 2461; x_wconf 85' lang='lat' dir='ltr'>Vespasiano</span> <span class='ocrx_word' id='word_1_153' title='bbox 1255 2385 1345 2456; x_wconf 85' lang='lat' dir='ltr'>sacti,</span> <span class='ocrx_word' id='word_1_154' title='bbox 1367 2403 1387 2442; x_wconf 88' lang='lat' dir='ltr'>a</span> <span class='ocrx_word' id='word_1_155' title='bbox 1409 2382 1557 2461; x_wconf 88' lang='lat' dir='ltr'>Septimio</span> <span class='ocrx_word' id='word_1_156' title='bbox 1580 2382 1634 2445; x_wconf 86' lang='lat' dir='ltr'>Se·</span> 
     </span>
     <span class='ocr_line' id='line_1_19' title="bbox 299 2479 1632 2563; baseline 0.005 -25"><span class='ocrx_word' id='word_1_157' title='bbox 299 2498 370 2538; x_wconf 79' lang='lat' dir='ltr'>vero</span> <span class='ocrx_word' id='word_1_158' title='bbox 398 2489 428 2537; x_wconf 91' lang='lat' dir='ltr'>et</span> <span class='ocrx_word' id='word_1_159' title='bbox 450 2479 608 2540; x_wconf 87' lang='lat' dir='ltr'>Caracallo</span> <span class='ocrx_word' id='word_1_160' title='bbox 633 2485 774 2544; x_wconf 85' lang='lat' dir='ltr'>restituti.</span> <span class='ocrx_word' id='word_1_161' title='bbox 817 2483 978 2559; x_wconf 79' lang='lat' dir='ltr'>Quodnam</span> <span class='ocrx_word' id='word_1_162' title='bbox 1003 2486 1092 2544; x_wconf 82' lang='lat' dir='ltr'>fuerit</span> <span class='ocrx_word' id='word_1_163' title='bbox 1117 2486 1263 2544; x_wconf 89' lang='lat' dir='ltr'>incertum</span> <span class='ocrx_word' id='word_1_164' title='bbox 1290 2485 1438 2560; x_wconf 88' lang='lat' dir='ltr'>relinquo.</span> <span class='ocrx_word' id='word_1_165' title='bbox 1488 2484 1632 2563; x_wconf 85' lang='lat' dir='ltr'>Cogitavi</span> 
     </span>
     <span class='ocr_line' id='line_1_20' title="bbox 300 2581 1634 2663; baseline 0.005 -25"><span class='ocrx_word' id='word_1_166' title='bbox 300 2581 338 2639; x_wconf 89' lang='lat' dir='ltr'>de</span> <span class='ocrx_word' id='word_1_167' title='bbox 365 2583 476 2658; x_wconf 88' lang='lat' dir='ltr'>templo</span> <span class='ocrx_word' id='word_1_168' title='bbox 497 2583 588 2642; x_wconf 84' lang='lat' dir='ltr'>Pacis</span> <span class='ocrx_word' id='word_1_169' title='bbox 615 2584 840 2662; x_wconf 89' lang='lat' dir='ltr'>aVespasiano</span> <span class='ocrx_word' id='word_1_170' title='bbox 863 2593 1031 2658; x_wconf 88' lang='lat' dir='ltr'>exstructo,</span> <span class='ocrx_word' id='word_1_171' title='bbox 1058 2606 1125 2644; x_wconf 88' lang='lat' dir='ltr'>oum</span> <span class='ocrx_word' id='word_1_172' title='bbox 1147 2594 1307 2662; x_wconf 87' lang='lat' dir='ltr'>utrumque</span> <span class='ocrx_word' id='word_1_173' title='bbox 1328 2586 1528 2663; x_wconf 81' lang='lat' dir='ltr'>fragmentum</span> <span class='ocrx_word' id='word_1_174' title='bbox 1549 2587 1634 2649; x_wconf 89' lang='lat' dir='ltr'>haud</span> 
     </span>
     <span class='ocr_line' id='line_1_21' title="bbox 300 2681 1633 2763; baseline 0.006 -24"><span class='ocrx_word' id='word_1_175' title='bbox 300 2681 389 2758; x_wconf 83' lang='lat' dir='ltr'>longe</span> <span class='ocrx_word' id='word_1_176' title='bbox 410 2684 448 2741; x_wconf 92' lang='lat' dir='ltr'>ab</span> <span class='ocrx_word' id='word_1_177' title='bbox 470 2685 535 2742; x_wconf 89' lang='lat' dir='ltr'>eius</span> <span class='ocrx_word' id='word_1_178' title='bbox 557 2685 623 2742; x_wconf 88' lang='lat' dir='ltr'>loco</span> <span class='ocrx_word' id='word_1_179' title='bbox 644 2696 796 2761; x_wconf 89' lang='lat' dir='ltr'>repertum</span> <span class='ocrx_word' id='word_1_180' title='bbox 818 2687 866 2744; x_wconf 89' lang='lat' dir='ltr'>sit.</span> <span class='ocrx_word' id='word_1_181' title='bbox 903 2685 1007 2762; x_wconf 87' lang='lat' dir='ltr'>Neque</span> <span class='ocrx_word' id='word_1_182' title='bbox 1028 2686 1227 2763; x_wconf 88' lang='lat' dir='ltr'>improbabile</span> <span class='ocrx_word' id='word_1_183' title='bbox 1248 2697 1296 2745; x_wconf 89' lang='lat' dir='ltr'>est</span> <span class='ocrx_word' id='word_1_184' title='bbox 1315 2686 1347 2745; x_wconf 92' lang='lat' dir='ltr'>id</span> <span class='ocrx_word' id='word_1_185' title='bbox 1368 2687 1540 2747; x_wconf 92' lang='lat' dir='ltr'>restitutum</span> <span class='ocrx_word' id='word_1_186' title='bbox 1562 2706 1633 2748; x_wconf 87' lang='lat' dir='ltr'>esse</span> 
     </span>
     <span class='ocr_line' id='line_1_22' title="bbox 300 2781 1634 2865; baseline 0.006 -25"><span class='ocrx_word' id='word_1_187' title='bbox 300 2800 320 2840; x_wconf 87' lang='lat' dir='ltr'>a</span> <span class='ocrx_word' id='word_1_188' title='bbox 338 2781 483 2858; x_wconf 86' lang='lat' dir='ltr'>Septimio</span> <span class='ocrx_word' id='word_1_189' title='bbox 506 2781 627 2856; x_wconf 85' lang='lat' dir='ltr'>Severo,</span> <span class='ocrx_word' id='word_1_190' title='bbox 650 2804 717 2843; x_wconf 89' lang='lat' dir='ltr'>cum</span> <span class='ocrx_word' id='word_1_191' title='bbox 738 2787 947 2863; x_wconf 87' lang='lat' dir='ltr'>deflagraverit</span> <span class='ocrx_word' id='word_1_192' title='bbox 964 2786 1130 2846; x_wconf 87' lang='lat' dir='ltr'>Commodo</span> <span class='ocrx_word' id='word_1_193' title='bbox 1151 2796 1305 2865; x_wconf 85' lang='lat' dir='ltr'>regnante,</span> <span class='ocrx_word' id='word_1_194' title='bbox 1328 2790 1382 2847; x_wconf 91' lang='lat' dir='ltr'>sed</span> <span class='ocrx_word' id='word_1_195' title='bbox 1404 2789 1540 2865; x_wconf 89' lang='lat' dir='ltr'>pluribus</span> <span class='ocrx_word' id='word_1_196' title='bbox 1561 2807 1634 2848; x_wconf 85' lang='lat' dir='ltr'>sae·</span> 
     </span>
     <span class='ocr_line' id='line_1_23' title="bbox 299 2883 1635 2966; baseline 0.007 -27"><span class='ocrx_word' id='word_1_197' title='bbox 299 2883 377 2940; x_wconf 87' lang='lat' dir='ltr'>culis</span> <span class='ocrx_word' id='word_1_198' title='bbox 398 2893 470 2960; x_wconf 93' lang='lat' dir='ltr'>post</span> <span class='ocrx_word' id='word_1_199' title='bbox 483 2885 635 2943; x_wconf 86' lang='lat' dir='ltr'>etiamtum</span> <span class='ocrx_word' id='word_1_200' title='bbox 650 2887 715 2944; x_wconf 86' lang='lat' dir='ltr'>eius</span> <span class='ocrx_word' id='word_1_201' title='bbox 730 2888 841 2945; x_wconf 90' lang='lat' dir='ltr'>mentio</span> <span class='ocrx_word' id='word_1_202' title='bbox 857 2886 1008 2946; x_wconf 79' lang='lat' dir='ltr'>inseratur.</span> <span class='ocrx_word' id='word_1_203' title='bbox 1045 2889 1088 2946; x_wconf 86' lang='lat' dir='ltr'>At</span> <span class='ocrx_word' id='word_1_204' title='bbox 1102 2888 1221 2946; x_wconf 85' lang='lat' dir='ltr'>videtur</span> <span class='ocrx_word' id='word_1_205' title='bbox 1235 2889 1449 2966; x_wconf 83' lang='lat' dir='ltr'>impedimento</span> <span class='ocrx_word' id='word_1_206' title='bbox 1464 2908 1532 2949; x_wconf 87' lang='lat' dir='ltr'>esse</span> <span class='ocrx_word' id='word_1_207' title='bbox 1547 2891 1635 2965; x_wconf 88' lang='lat' dir='ltr'>quod</span> 
     </span>
     <span class='ocr_line' id='line_1_24' title="bbox 301 2979 1634 3071; baseline 0.006 -29"><span class='ocrx_word' id='word_1_208' title='bbox 301 2981 425 3043; x_wconf 86' lang='lat' dir='ltr'>Cassius</span> <span class='ocrx_word' id='word_1_209' title='bbox 440 2984 501 3043; x_wconf 93' lang='lat' dir='ltr'>Dio</span> <span class='ocrx_word' id='word_1_210' title='bbox 517 2984 567 3056; x_wconf 85' lang='grc'>66,</span> <span class='ocrx_word' id='word_1_211' title='bbox 585 2987 622 3044; x_wconf 85' lang='grc'>15</span> <span class='ocrx_word' id='word_1_212' title='bbox 645 2996 748 3044; x_wconf 88' lang='lat' dir='ltr'>narrat</span> <span class='ocrx_word' id='word_1_213' title='bbox 768 2987 910 3063; x_wconf 87' lang='lat' dir='ltr'>templum</span> <span class='ocrx_word' id='word_1_214' title='bbox 927 2989 1018 3047; x_wconf 87' lang='lat' dir='ltr'>Pacis</span> <span class='ocrx_word' id='word_1_215' title='bbox 1041 2984 1087 3065; x_wconf 79' lang='grc' dir='ltr'>(τό</span> <span class='ocrx_word' id='word_1_216' title='bbox 1110 2991 1161 3058; x_wconf 73' lang='grc' dir='ltr'>τῆς</span> <span class='ocrx_word' id='word_1_217' title='bbox 1181 2979 1296 3071; x_wconf 70' lang='grc' dir='ltr'>Εἰρήνης</span> <span class='ocrx_word' id='word_1_218' title='bbox 1316 2981 1441 3067; x_wconf 72' lang='grc' dir='ltr'>τέμενος)</span> <span class='ocrx_word' id='word_1_219' title='bbox 1463 2991 1634 3050; x_wconf 88' lang='lat' dir='ltr'>dedicatum</span> 
     </span>
     <span class='ocr_line' id='line_1_25' title="bbox 301 3085 1645 3170; baseline 0.007 -30"><span class='ocrx_word' id='word_1_220' title='bbox 301 3099 369 3141; x_wconf 87' lang='lat' dir='ltr'>esse</span> <span class='ocrx_word' id='word_1_221' title='bbox 390 3103 417 3142; x_wconf 88' lang='lat' dir='ltr'>a.</span> <span class='ocrx_word' id='word_1_222' title='bbox 434 3085 483 3154; x_wconf 84' lang='grc'>75,</span> <span class='ocrx_word' id='word_1_223' title='bbox 505 3086 659 3162; x_wconf 86' lang='lat' dir='ltr'>inscriptio</span> <span class='ocrx_word' id='word_1_224' title='bbox 681 3105 752 3146; x_wconf 89' lang='lat' dir='ltr'>vero</span> <span class='ocrx_word' id='word_1_225' title='bbox 773 3087 827 3145; x_wconf 90' lang='lat' dir='ltr'>illa</span> <span class='ocrx_word' id='word_1_226' title='bbox 848 3095 896 3147; x_wconf 90' lang='lat' dir='ltr'>est</span> <span class='ocrx_word' id='word_1_227' title='bbox 916 3090 986 3147; x_wconf 87' lang='lat' dir='ltr'>anni</span> <span class='ocrx_word' id='word_1_228' title='bbox 1002 3088 1050 3147; x_wconf 84' lang='grc'>78.</span> <span class='ocrx_word' id='word_1_229' title='bbox 1087 3088 1218 3150; x_wconf 91' lang='lat' dir='ltr'>Videant</span> <span class='ocrx_word' id='word_1_230' title='bbox 1238 3090 1331 3168; x_wconf 85' lang='lat' dir='ltr'>igitur</span> <span class='ocrx_word' id='word_1_231' title='bbox 1351 3091 1534 3170; x_wconf 82' lang='lat' dir='ltr'>topographi</span> <span class='ocrx_word' id='word_1_232' title='bbox 1556 3110 1645 3150; x_wconf 85' lang='lat' dir='ltr'>num.</span> 
     </span>
     <span class='ocr_line' id='line_1_26' title="bbox 300 3184 998 3265; baseline 0.007 -23"><span class='ocrx_word' id='word_1_233' title='bbox 300 3184 349 3242; x_wconf 93' lang='lat' dir='ltr'>cui</span> <span class='ocrx_word' id='word_1_234' title='bbox 370 3185 422 3243; x_wconf 91' lang='lat' dir='ltr'>alii</span> <span class='ocrx_word' id='word_1_235' title='bbox 444 3186 511 3246; x_wconf 84' lang='lat' dir='ltr'>aedi</span> <span class='ocrx_word' id='word_1_236' title='bbox 531 3187 727 3264; x_wconf 88' lang='lat' dir='ltr'>probabiliter</span> <span class='ocrx_word' id='word_1_237' title='bbox 748 3189 870 3249; x_wconf 88' lang='lat' dir='ltr'>attribui</span> <span class='ocrx_word' id='word_1_238' title='bbox 891 3190 998 3265; x_wconf 91' lang='lat' dir='ltr'>possit.</span> 
     </span>
    </p>
   </div>
   <div class='ocr_carea' id='block_1_8' title="bbox 951 3659 980 3716">
    <p class='ocr_par' dir='ltr' id='par_1_8' title="bbox 951 3659 980 3716">
     <span class='ocr_line' id='line_1_27' title="bbox 951 3659 980 3716; baseline 0 0"><span class='ocrx_word' id='word_1_239' title='bbox 951 3659 980 3716; x_wconf 82' lang='lat'>3.</span> 
     </span>
    </p>
   </div>
   <div class='ocr_carea' id='block_1_9' title="bbox 299 3771 1632 4057">
    <p class='ocr_par' dir='ltr' id='par_1_9' title="bbox 299 3771 1632 4057">
     <span class='ocr_line' id='line_1_28' title="bbox 382 3771 1629 3857; baseline 0.006 -26"><span class='ocrx_word' id='word_1_240' title='bbox 382 3771 569 3832; x_wconf 87' lang='lat' dir='ltr'>Notissimus</span> <span class='ocrx_word' id='word_1_241' title='bbox 594 3780 640 3832; x_wconf 90' lang='lat' dir='ltr'>est</span> <span class='ocrx_word' id='word_1_242' title='bbox 665 3774 772 3832; x_wconf 86' lang='lat' dir='ltr'>titulus</span> <span class='ocrx_word' id='word_1_243' title='bbox 797 3775 903 3850; x_wconf 82' lang='lat' dir='ltr'>ingens</span> <span class='ocrx_word' id='word_1_244' title='bbox 929 3774 1043 3836; x_wconf 88' lang='lat' dir='ltr'>fractus</span> <span class='ocrx_word' id='word_1_245' title='bbox 1064 3776 1172 3836; x_wconf 88' lang='lat' dir='ltr'>litteris</span> <span class='ocrx_word' id='word_1_246' title='bbox 1196 3777 1268 3837; x_wconf 89' lang='lat' dir='ltr'>olim</span> <span class='ocrx_word' id='word_1_247' title='bbox 1289 3796 1358 3838; x_wconf 88' lang='lat' dir='ltr'>aere</span> <span class='ocrx_word' id='word_1_248' title='bbox 1379 3779 1516 3857; x_wconf 90' lang='lat' dir='ltr'>repletis,</span> <span class='ocrx_word' id='word_1_249' title='bbox 1538 3798 1629 3855; x_wconf 93' lang='lat' dir='ltr'>quem</span> 
     </span>
     <span class='ocr_line' id='line_1_29' title="bbox 299 3873 1632 3954; baseline 0.005 -21"><span class='ocrx_word' id='word_1_250' title='bbox 299 3893 378 3934; x_wconf 90' lang='lat' dir='ltr'>nunc</span> <span class='ocrx_word' id='word_1_251' title='bbox 399 3881 550 3933; x_wconf 84' lang='lat' dir='ltr'>extantem</span> <span class='ocrx_word' id='word_1_252' title='bbox 564 3873 679 3932; x_wconf 84' lang='lat' dir='ltr'>Romae</span> <span class='ocrx_word' id='word_1_253' title='bbox 699 3875 731 3932; x_wconf 90' lang='lat' dir='ltr'>iu</span> <span class='ocrx_word' id='word_1_254' title='bbox 752 3873 840 3933; x_wconf 90' lang='lat' dir='ltr'>domo</span> <span class='ocrx_word' id='word_1_255' title='bbox 854 3874 1033 3935; x_wconf 89' lang='lat' dir='ltr'>Barberinia</span> <span class='ocrx_word' id='word_1_256' title='bbox 1052 3886 1201 3954; x_wconf 87' lang='lat' dir='ltr'>repertum</span> <span class='ocrx_word' id='word_1_257' title='bbox 1222 3897 1290 3939; x_wconf 89' lang='lat' dir='ltr'>esse</span> <span class='ocrx_word' id='word_1_258' title='bbox 1312 3899 1339 3940; x_wconf 87' lang='lat' dir='ltr'>a.</span> <span class='ocrx_word' id='word_1_259' title='bbox 1357 3880 1435 3939; x_wconf 85' lang='lat'>1641</span> <span class='ocrx_word' id='word_1_260' title='bbox 1458 3881 1491 3939; x_wconf 92' lang='lat' dir='ltr'>in</span> <span class='ocrx_word' id='word_1_261' title='bbox 1512 3881 1562 3938; x_wconf 84' lang='lat' dir='ltr'>via</span> <span class='ocrx_word' id='word_1_262' title='bbox 1583 3882 1632 3940; x_wconf 79' lang='lat' dir='ltr'>dcl</span> 
     </span>
     <span class='ocr_line' id='line_1_30' title="bbox 300 3973 1631 4057; baseline 0.003 -22"><span class='ocrx_word' id='word_1_263' title='bbox 300 3992 382 4035; x_wconf 85' lang='lat' dir='ltr'>corso</span> <span class='ocrx_word' id='word_1_264' title='bbox 407 3975 438 4032; x_wconf 93' lang='lat' dir='ltr'>in</span> <span class='ocrx_word' id='word_1_265' title='bbox 464 3975 530 4032; x_wconf 90' lang='lat' dir='ltr'>loro</span> <span class='ocrx_word' id='word_1_266' title='bbox 551 3973 674 4033; x_wconf 74' lang='lat' dir='ltr'>Scias-ra</span> <span class='ocrx_word' id='word_1_267' title='bbox 701 3981 827 4034; x_wconf 89' lang='lat' dir='ltr'>testatur</span> <span class='ocrx_word' id='word_1_268' title='bbox 851 3976 1014 4035; x_wconf 89' lang='lat' dir='ltr'>Martinelli</span> <span class='ocrx_word' id='word_1_269' title='bbox 1040 3977 1133 4036; x_wconf 80' lang='lat' dir='ltr'>Roma</span> <span class='ocrx_word' id='word_1_270' title='bbox 1153 3983 1296 4041; x_wconf 80' lang='lat' dir='ltr'>ricercato</span> <span class='ocrx_word' id='word_1_271' title='bbox 1321 3999 1351 4057; x_wconf 92' lang='lat' dir='ltr'>p.</span> <span class='ocrx_word' id='word_1_272' title='bbox 1370 3980 1428 4039; x_wconf 91' lang='lat'>108</span> <span class='ocrx_word' id='word_1_273' title='bbox 1455 3981 1501 4040; x_wconf 90' lang='lat' dir='ltr'>ed.</span> <span class='ocrx_word' id='word_1_274' title='bbox 1522 3982 1631 4041; x_wconf 85' lang='lat' dir='ltr'>Venet.</span> 
     </span>
    </p>
   </div>
   <div class='ocr_carea' id='block_1_10' title="bbox 204 4072 1632 4255">
    <p class='ocr_par' dir='ltr' id='par_1_10' title="bbox 204 4072 1632 4255">
     <span class='ocr_line' id='line_1_31' title="bbox 204 4072 1632 4162; baseline 0.006 -29"><span class='ocrx_word' id='word_1_275' title='bbox 204 4152 209 4162; x_wconf 24' lang='grc' dir='ltr'><strong><em>ι</em></strong></span> <span class='ocrx_word' id='word_1_276' title='bbox 303 4076 383 4136; x_wconf 90' lang='grc'><strong>1766</strong></span> <span class='ocrx_word' id='word_1_277' title='bbox 409 4076 457 4134; x_wconf 93' lang='lat' dir='ltr'>his</span> <span class='ocrx_word' id='word_1_278' title='bbox 478 4074 592 4133; x_wconf 86' lang='lat' dir='ltr'>verbis:</span> <span class='ocrx_word' id='word_1_279' title='bbox 622 4072 718 4132; x_wconf 84' lang='lat' dir='ltr'>l’uuao</span> <span class='ocrx_word' id='word_1_280' title='bbox 739 4074 816 4135; x_wconf 75' lang='grc'><strong>1641</strong></span> <span class='ocrx_word' id='word_1_281' title='bbox 841 4080 1014 4136; x_wconf 84' lang='lat' dir='ltr'>acooaadoci</span> <span class='ocrx_word' id='word_1_282' title='bbox 1037 4081 1067 4136; x_wconf 82' lang='lat' dir='ltr'>ia</span> <span class='ocrx_word' id='word_1_283' title='bbox 1089 4080 1167 4138; x_wconf 82' lang='lat' dir='ltr'>detta</span> <span class='ocrx_word' id='word_1_284' title='bbox 1185 4085 1289 4158; x_wconf 68' lang='lat' dir='ltr'>picata</span> <span class='ocrx_word' id='word_1_285' title='bbox 1311 4080 1468 4158; x_wconf 82' lang='lat' dir='ltr'>(Sciorra)</span> <span class='ocrx_word' id='word_1_286' title='bbox 1483 4084 1523 4157; x_wconf 76' lang='lat' dir='ltr'>su</span> <span class='ocrx_word' id='word_1_287' title='bbox 1544 4085 1632 4142; x_wconf 82' lang='lat' dir='ltr'>ritro-</span> 
     </span>
     <span class='ocr_line' id='line_1_32' title="bbox 301 4176 1136 4255; baseline 0.001 -19"><span class='ocrx_word' id='word_1_288' title='bbox 301 4190 365 4237; x_wconf 83' lang='lat' dir='ltr'>ruto</span> <span class='ocrx_word' id='word_1_289' title='bbox 387 4197 425 4237; x_wconf 83' lang='lat' dir='ltr'>aa</span> <span class='ocrx_word' id='word_1_290' title='bbox 442 4180 574 4255; x_wconf 73' lang='lat' dir='ltr'>pletrons</span> <span class='ocrx_word' id='word_1_291' title='bbox 594 4176 626 4234; x_wconf 82' lang='lat' dir='ltr'>dt</span> <span class='ocrx_word' id='word_1_292' title='bbox 645 4193 763 4234; x_wconf 84' lang='lat' dir='ltr'>marma.</span> <span class='ocrx_word' id='word_1_293' title='bbox 806 4176 885 4237; x_wconf 87' lang='lat' dir='ltr'>Eum</span> <span class='ocrx_word' id='word_1_294' title='bbox 907 4178 1055 4255; x_wconf 90' lang='lat' dir='ltr'>descripsi</span> <span class='ocrx_word' id='word_1_295' title='bbox 1077 4180 1136 4239; x_wconf 87' lang='lat' dir='ltr'>sic:</span> 
     </span>
    </p>
   </div>
   <div class='ocr_carea' id='block_1_11' title="bbox 849 4304 1079 4364">
    <p class='ocr_par' dir='ltr' id='par_1_11' title="bbox 849 4304 1079 4364">
     <span class='ocr_line' id='line_1_33' title="bbox 849 4304 1079 4364; baseline 0.009 -2"><span class='ocrx_word' id='word_1_296' title='bbox 849 4304 897 4363; x_wconf 87' lang='lat' dir='ltr'>&#39;ll</span> <span class='ocrx_word' id='word_1_297' title='bbox 922 4326 930 4340; x_wconf 93' lang='lat'><strong>·</strong></span> <span class='ocrx_word' id='word_1_298' title='bbox 954 4304 1079 4364; x_wconf 80' lang='lat' dir='ltr'>CLAV</span> 
     </span>
    </p>
   </div>
   <div class='ocr_carea' id='block_1_12' title="bbox 849 4407 1100 5185">
    <p class='ocr_par' dir='ltr' id='par_1_12' title="bbox 955 4407 1080 4465">
     <span class='ocr_line' id='line_1_34' title="bbox 955 4407 1080 4465; baseline 0.008 -1"><span class='ocrx_word' id='word_1_299' title='bbox 955 4407 1080 4465; x_wconf 73' lang='lat' dir='ltr'>avet</span> 
     </span>
    </p>

    <p class='ocr_par' dir='ltr' id='par_1_13' title="bbox 849 4466 1100 5185">
     <span class='ocr_line' id='line_1_35' title="bbox 849 4466 1086 4599; baseline 0 -35"><span class='ocrx_word' id='word_1_300' title='bbox 849 4523 864 4564; x_wconf 80' lang='lat' dir='ltr'>r</span> <span class='ocrx_word' id='word_1_301' title='bbox 880 4521 902 4564; x_wconf 92' lang='lat'>0</span> <span class='ocrx_word' id='word_1_302' title='bbox 918 4525 939 4565; x_wconf 84' lang='lat' dir='ltr'>u</span> <span class='ocrx_word' id='word_1_303' title='bbox 952 4524 971 4565; x_wconf 87' lang='lat' dir='ltr'>r</span> <span class='ocrx_word' id='word_1_304' title='bbox 985 4525 992 4565; x_wconf 88' lang='lat'>1</span> <span class='ocrx_word' id='word_1_305' title='bbox 1008 4525 1024 4566; x_wconf 83' lang='lat' dir='ltr'>s</span> <span class='ocrx_word' id='word_1_306' title='bbox 1039 4524 1046 4564; x_wconf 85' lang='grc' dir='ltr'>ι</span> <span class='ocrx_word' id='word_1_307' title='bbox 1063 4466 1086 4599; x_wconf 60' lang='lat' dir='ltr'>cl</span> 
     </span>
     <span class='ocr_line' id='line_1_36' title="bbox 892 4610 1085 4667; baseline -0.01 0"><span class='ocrx_word' id='word_1_308' title='bbox 892 4623 950 4667; x_wconf 91' lang='lat' dir='ltr'>cos</span> <span class='ocrx_word' id='word_1_309' title='bbox 966 4637 973 4652; x_wconf 91' lang='lat'><strong>·</strong></span> <span class='ocrx_word' id='word_1_310' title='bbox 988 4615 1031 4665; x_wconf 87' lang='lat' dir='ltr'>v·</span> <span class='ocrx_word' id='word_1_311' title='bbox 1049 4610 1085 4666; x_wconf 84' lang='lat' dir='ltr'>rui</span> 
     </span>
     <span class='ocr_line' id='line_1_37' title="bbox 849 4626 1089 4769; baseline 0.008 -3"><span class='ocrx_word' id='word_1_312' title='bbox 849 4724 987 4767; x_wconf 72' lang='lat' dir='ltr'>sarsurus</span> <span class='ocrx_word' id='word_1_313' title='bbox 1013 4737 1020 4752; x_wconf 95' lang='lat'><strong>·</strong></span> <span class='ocrx_word' id='word_1_314' title='bbox 1047 4626 1089 4769; x_wconf 70' lang='lat' dir='ltr'>red</span> 
     </span>
     <span class='ocr_line' id='line_1_38' title="bbox 893 4823 1068 4869; baseline 0.006 -1"><span class='ocrx_word' id='word_1_315' title='bbox 893 4826 985 4868; x_wconf 78' lang='lat' dir='ltr'>naurs</span> <span class='ocrx_word' id='word_1_316' title='bbox 1000 4823 1068 4869; x_wconf 58' lang='lat' dir='ltr'>*siu</span> 
     </span>
     <span class='ocr_line' id='line_1_39' title="bbox 891 4927 1071 4970; baseline 0.017 -3"><span class='ocrx_word' id='word_1_317' title='bbox 891 4927 1071 4970; x_wconf 62' lang='lat' dir='ltr'>cursitem</span> 
     </span>
     <span class='ocr_line' id='line_1_40' title="bbox 851 5027 1100 5121; baseline -0.008 -52"><span class='ocrx_word' id='word_1_318' title='bbox 851 5027 1029 5082; x_wconf 64' lang='lat' dir='ltr'>ceuresoye</span> <span class='ocrx_word' id='word_1_319' title='bbox 1048 5042 1055 5055; x_wconf 93' lang='lat'><strong>·</strong></span> <span class='ocrx_word' id='word_1_320' title='bbox 1074 5028 1100 5121; x_wconf 74' lang='lat' dir='ltr'>tp</span> 
     </span>
     <span class='ocr_line' id='line_1_41' title="bbox 853 5111 1088 5185; baseline 0.013 -17"><span class='ocrx_word' id='word_1_321' title='bbox 853 5111 1088 5185; x_wconf 70' lang='lat' dir='ltr'>raluvsuunicu</span> 
     </span>
    </p>
   </div>
   <div class='ocr_carea' id='block_1_13' title="bbox 0 0 1748 5804">
    <p class='ocr_par' dir='ltr' id='par_1_14' title="bbox 0 0 1748 5804">
     <span class='ocr_line' id='line_1_42' title="bbox 0 0 1748 5804; baseline 0 0"><span class='ocrx_word' id='word_1_322' title='bbox 0 0 1748 5804; x_wconf 95' lang='lat' dir='ltr'> </span> 
     </span>
    </p>
   </div>
  </div>
 </body>
</html>
