3480 5804
296 481 365 552 102
851 491 1050 547 anninus

291 678 322 728 et
341 670 380 728 33
408 676 476 727 ante
500 670 731 744 praefecturam,
758 686 787 725 ιι.
809 666 849 726 28
871 676 901 726 et
920 669 960 727 35
986 672 1057 744 post
1083 683 1149 724 eam
1175 665 1285 723 tribuni
1311 663 1415 723 urbani
1442 664 1512 721 facti
1538 672 1615 722 sunt.

291 771 396 846 ltneque
422 788 489 828 eum
517 771 686 828 tribunatus
714 769 763 828 rel
791 777 861 828 ante
889 768 936 827 vel
963 777 1034 846 post
1060 766 1277 844 praefecturam
1306 766 1521 841 suscipiantur,
1551 783 1617 822 eam

292 873 370 929 inter
392 871 515 929 militias
537 877 690 947 equestres
712 880 824 929 certum
845 870 944 930 locum
967 870 1087 927 omnino
1109 886 1168 927 non
1190 867 1333 926 habuisse
1354 865 1544 925 manifestum
1562 874 1618 936 est,

292 972 437 1048 dignitate
464 982 562 1030 autem
589 973 651 1031 fere
678 990 780 1048 parem
805 972 896 1030 fuisse
917 969 1118 1029 tribunatibus
1139 969 1261 1027 urbanis
1281 969 1334 1044 qui
1355 968 1488 1026 omnium
1510 967 1618 1024 summi

291 1072 419 1130 fuerunt.
454 1074 596 1131 Emeritis
619 1072 775 1147 stipendiis
796 1070 938 1149 praefecti
958 1070 1085 1147 legionis
1106 1070 1282 1146 plerumque
1302 1070 1333 1126 iu
1355 1069 1504 1144 privatam
1526 1067 1618 1125 vitam

291 1172 417 1231 rediisse
437 1173 589 1246 videntum
617 1182 827 1250 procuraturus
849 1173 871 1230 ii
893 1181 1006 1231 tantum
1029 1177 1220 1247 acceperunt,
1246 1172 1297 1247 qui
1319 1170 1442 1228 militias
1464 1177 1618 1245 equestres

291 1273 424 1332 fecerant
444 1274 487 1350 (n.
504 1274 532 1332 8.
555 1273 603 1334 28.
624 1275 674 1333 33.
695 1274 759 1351 35).
802 1272 985 1335 sacerdotiis
1012 1280 1157 1330 ornantur
1181 1271 1296 1330 ordinis
1317 1271 1465 1346 equestris
1485 1270 1619 1328 Lauren·

292 1374 357 1432 tino
378 1382 408 1432 et
425 1376 579 1434 flaminatu
594 1374 721 1434 luculari
742 1375 786 1451 (n.
804 1375 866 1451 15).
903 1373 1066 1433 Ducanarii
1080 1373 1219 1431 dicuntur
1240 1391 1268 1430 n.
1285 1371 1303 1430 8
1318 1382 1349 1430 et
1366 1373 1413 1444 14,
1435 1372 1492 1430 viri
1506 1370 1618 1449 egregii

294 1495 323 1532 n.
342 1476 388 1532 14.
407 1477 454 1533 15.
471 1474 520 1532 21.
536 1474 585 1533 22.
602 1475 652 1535 25.

376 1574 447 1634 Una
467 1594 533 1634 cum
554 1577 654 1654 legato
675 1575 803 1652 legionis
824 1576 992 1653 praefectus
1013 1575 1141 1651 legionis
1158 1581 1407 1633 commemoratur
1427 1593 1456 1632 n.
1472 1572 1519 1643 17,
1542 1572 1619 1631 unde

294 1694 362 1734 eum
388 1676 474 1734 iuxta
499 1676 627 1752 legatum
654 1678 754 1736 locum
781 1695 868 1736 suum
890 1677 1033 1734 habuisse
1054 1683 1167 1733 certum
1189 1683 1243 1734 est.
1285 1675 1351 1734 Iam
1373 1693 1440 1733 cum
1463 1673 1621 1734 Gallienus

293 1776 431 1834 homiues
459 1777 573 1837 ordinis
600 1780 743 1837 senatorii
768 1778 948 1836 militaribus
974 1777 1139 1836 honoribus
1167 1776 1251 1853 fungi
1279 1775 1464 1851 vetuisset¹)
1492 1775 1620 1851 ideoque

293 1876 410 1951 legatos
438 1878 565 1954 legionis
589 1879 776 1951 sustulisset,
802 1879 881 1937 vices
906 1878 1073 1954 legatomm
1099 1887 1297 1954 susceperunt
1315 1877 1475 1953 praefecti,
1501 1876 1579 1935 unde
1601 1895 1620 1934 a

294 1974 427 2059 Gallieni
449 1985 547 2038 aetate
568 1989 659 2056 utque
680 1980 719 2039 ad
736 1979 960 2038 Diocletianum
981 1980 1102 2056 saepius
1123 1979 1262 2036 dicuntur
1282 1986 1405 2054 agentes
1427 1978 1507 2036 vices
1529 1979 1618 2054 legati

295 2075 338 2152 (n.
357 2078 394 2136 18
416 2097 443 2136 a
461 2078 531 2151 267,
551 2100 581 2138 ιι.
598 2080 637 2138 20
659 2099 687 2139 a.
703 2079 774 2153 269,
795 2099 824 2139 ιι.
840 2080 878 2138 21
902 2098 930 2138 a.
947 2078 1032 2156 284).
1069 2080 1118 2138 Ad
1140 2079 1218 2138 idern
1240 2087 1338 2137 autem
1360 2088 1479 2155 tempus
1500 2079 1532 2137 id
1546 2096 1620 2155 quo·

294 2193 354 2252 que
381 2180 529 2253 pertinere
557 2181 684 2253 videtur,
710 2182 792 2258 quod
819 2181 910 2240 tradit
929 2181 1090 2257 vegetius,
1119 2181 1286 2256 praefectos
1314 2179 1463 2238 interdurn
1491 2180 1620 2239 vicarios

293 2275 389 2336 fuisse
409 2280 576 2356 legatorum
597 2282 784 2358 provinciae;
804 2282 895 2342 huius
916 2283 995 2340 enim
1016 2281 1078 2340 fere
1099 2282 1205 2340 aetatis
1227 2290 1274 2340 est
1294 2281 1398 2340 titulus
1420 2300 1449 2338 n.
1466 2279 1516 2338 29.

269 2416 272 2421 -
378 2378 533 2440 Officiales
585 2391 854 2442 commemorantur
906 2382 1142 2455 cornicularius,
1196 2382 1356 2454 librarius,
1413 2370 1620 2441 beneficiarius

295 2477 337 2553 (n.
353 2480 500 2556 38-41).

377 2580 426 2639 De
448 2584 620 2644 muneribus
640 2585 715 2644 haec
736 2584 824 2644 docet
837 2584 983 2661 Vegetius
998 2584 1042 2659 (2,
1056 2584 1104 2660 9):
1122 2587 1262 2661 proprius
1279 2584 1365 2642 iader
1378 2593 1440 2642 crat
1456 2587 1620 2660 praefectus

294 2681 414 2756 legionis
434 2715 476 2725 —
492 2717 530 2727 -
553 2685 659 2742 tribuni
678 2685 724 2744 uel
744 2689 919 2744 centuriones
942 2689 1081 2762 ceterique
1100 2687 1202 2744 milites
1221 2689 1280 2744 eius
1291 2696 1447 2761 praccepta
1460 2685 1619 2744 cacabant.

301 2780 472 2856 Vigiliarum
497 2788 556 2843 sice
572 2782 760 2861 profectionis
783 2795 890 2844 tessera
911 2787 948 2844 ab
970 2787 1064 2845 codem
1081 2787 1238 2862 petebatur.
1283 2784 1418 2845 Similes
1440 2790 1543 2845 crimea
1564 2789 1620 2844 ali·

294 2883 372 2955 quod
398 2888 590 2955 emeruisset,
619 2889 787 2945 auctoritate
809 2887 949 2962 madenti
969 2887 1088 2963 legionis
1109 2906 1129 2944 a
1150 2887 1262 2945 tribano
1283 2887 1473 2962 deputabatur
1493 2889 1535 2946 ad
1550 2902 1621 2964 pac-

293 2999 370 3039 nam.
413 2983 507 3042 Arma
535 2988 656 3043 malurn
683 2986 817 3057 militurn,
846 2990 911 3044 item
937 2991 1002 3062 equi
1019 2997 1108 3047 aestas
1128 3005 1244 3046 annana
1264 2989 1423 3046 adcurare
1443 2991 1622 3064 ipsiasper·

295 3081 427 3142 tinebant.
470 3085 651 3161 Disciplinae
673 3090 824 3158 caveatas,
853 3090 1013 3147 maritatis
1034 3106 1090 3146 non
1111 3088 1201 3147 solam
1220 3089 1345 3163 peditam
1366 3089 1417 3147 sad
1438 3092 1522 3147 etiam
1543 3093 1620 3166 equi·

295 3189 354 3238 tum
375 3183 594 3258 legionariorum
610 3191 845 3263 praeceptorias
867 3189 966 3247 cotidie
986 3188 1149 3247 curabatur.
1185 3189 1256 3264 lpse
1275 3199 1368 3248 auum
1386 3193 1477 3248 tasas
1499 3191 1622 3266 diligens

295 3281 406 3342 sobrius
428 3284 561 3360 legionem
582 3288 639 3344 sibi
658 3290 794 3347 aedituus
813 3290 946 3348 adsiduis
968 3289 1099 3365 operibus
1121 3290 1161 3349 ad
1181 3308 1286 3348 manem
1307 3292 1488 3363 devotionem,
1510 3292 1551 3349 ad
1564 3310 1622 3350 orn·

294 3400 357 3440 nera
375 3385 526 3458 fumabat
549 3389 734 3461 industriam,
762 3393 852 3449 sciens
878 3391 919 3447 ad
942 3391 1082 3466 praesceti
1109 3390 1223 3449 laudem
1249 3391 1432 3450 subiectorum
1460 3393 1623 3452 redundare

294 3486 432 3544 uirtutem.
475 3488 558 3546 Addi
584 3497 684 3567 potest
711 3507 800 3566 saepe
828 3491 1010 3566 praefectum
1036 3491 1162 3568 legionis
1189 3493 1327 3551 insistere
1353 3492 1494 3568 operibus
1520 3495 1622 3554 varios

295 3583 334 3641 ad
360 3602 433 3645 usus
460 3606 479 3645 a
499 3591 645 3651 militibus
666 3590 752 3650 factis
775 3590 950 3666 (n.16.17.
971 3590 1019 3649 22.
1042 3590 1106 3668 23).
1151 3592 1240 3667 Quod
1262 3601 1360 3650 autem
1381 3592 1420 3650 ad
1440 3593 1620 3654 iurisdictio-

294 3701 362 3742 nem
385 3688 513 3761 pertinet
534 3708 553 3747 a
569 3690 696 3769 Vegetio
718 3700 989 3764 commemoratam,
1011 3691 1068 3751 hoc
1089 3699 1205 3751 tantum
1226 3693 1346 3766 adnoto,
1368 3694 1406 3754 de
1426 3694 1524 3771 capite
1544 3696 1622 3755 mili·

296 3791 358 3841 tam
379 3796 460 3845 certo
482 3806 542 3846 non
563 3790 657 3850 fuisse
677 3791 826 3849 iudicium
841 3810 932 3866 penes
954 3792 1136 3866 praelectum
1157 3794 1285 3871 legionis
1294 3793 1334 3870 ²).

379 3884 463 3945 Haec
485 3889 536 3964 qui
559 3907 625 3951 cum
648 3891 692 3948 eis
713 3892 881 3963 contulerit,
904 3910 981 3968 qnae
1003 3892 1040 3951 de
1060 3893 1249 3970 praefectura
1269 3904 1437 3954 castrorum
1458 3913 1551 3972 supra
1568 3917 1622 3956 ex-

295 3985 465 4060 posuimus,
492 3989 520 4046 ei
542 4008 603 4047 non
623 3990 745 4049 dubium
767 3992 823 4050 erit
843 3992 959 4070 opinor,
988 3993 1059 4068 quin
1080 3994 1267 4069 praefectura
1286 3995 1415 4072 legionis
1437 3997 1475 4055 ab
1496 3996 1550 4057 illa
1570 4015 1623 4057 no-

296 4084 376 4143 mine
403 4096 517 4146 tantum
544 4089 662 4149 diversa
687 4091 740 4163 sit;
768 4093 806 4150 ab
832 4091 965 4151 eiusdem
993 4094 1073 4151 enim
1101 4095 1220 4173 generis
1246 4096 1416 4156 hominibus
1440 4075 1572 4158 ¹et'haec
1593 4106 1623 4159 et

296 4183 351 4243 illa
371 4188 545 4266 suscipitur,
572 4191 676 4251 eadem
702 4192 858 4270 uniusque
883 4200 930 4254 est
955 4194 1102 4273 dignitas,
1125 4195 1233 4275 ¹eadem
1260 4216 1384 4257 munera
1408 4205 1492 4270 sunt,
1518 4199 1623 4258 codem
1703 4234 1708 4248 ·

297 4285 425 4364 denique
450 4296 598 4368 tempore,
625 4311 685 4370 quo
710 4295 852 4370 praefecti
878 4305 1046 4355 castrorum
1067 4296 1098 4353 in
1120 4295 1215 4355 titulis
1236 4297 1346 4357 desinit
1367 4288 1493 4372 mentio,
1519 4299 1625 4377 incipit

297 4389 439 4463 praefecti
459 4391 619 4467 legionum.
655 4391 804 4467 Quattuor
825 4395 903 4454 enim
924 4396 995 4455 illos
1017 4414 1094 4473 quos
1116 4398 1212 4472 primo
1234 4399 1302 4457 loco
1324 4399 1468 4459 collocavi
1490 4419 1528 4459 ne
1549 4401 1623 4459 mihi

298 4507 442 4564 opponas.
479 4489 516 4550 L.
531 4493 711 4567 Memmium,
734 4494 786 4571 qui
808 4504 949 4572 quaestor
969 4506 1000 4556 et
1019 4498 1157 4557 tribunus
1177 4499 1274 4573 plebis
1295 4500 1353 4558 fuit
1374 4510 1471 4558 aetate
1490 4502 1622 4577 Augusti

298 4595 328 4646 et
353 4600 478 4650 vocatur
499 4595 661 4669 praefectus
687 4596 825 4672 beianum
845 4597 961 4656 XXVI
980 4607 1006 4656 et
1024 4598 1090 4658 VII
1107 4598 1207 4659 Lucae
1228 4603 1270 4659 ad
1289 4618 1376 4678 apros
1397 4602 1577 4675 diuidendos,
1603 4623 1622 4661 a

376 4836 398 4897 ¹)
426 4840 493 4889 Aur.
506 4842 598 4892 Victor
620 4843 693 4894 Caes.
716 4845 765 4907 33,
785 4847 820 4897 st
844 4852 868 4896 et
888 4851 975 4912 patres
997 4845 1106 4912 quidem,
1130 4855 1233 4914 praeter
1256 4861 1378 4898 commane
1400 4844 1510 4895 Romani
1531 4846 1623 4898 radam

228 4920 231 4925 ’
298 4923 379 4985 orbis,
403 4928 548 4980 stimulabat
566 4935 672 5005 proprii
694 4934 793 4986 ordinis
814 4935 972 4998 scamnalia,
998 4938 1060 5003 quia
1072 4939 1173 5005 primm
1189 4939 1244 5005 ipsc
1261 4944 1328 4989 motu
1345 4934 1566 4999 socordissime,
1592 4956 1623 4989 ne

298 5014 425 5081 imperium
444 5019 480 5068 ad
497 5023 602 5087 optimos
619 5023 739 5075 nobilium
757 5025 942 5091 transferretur,
962 5034 1074 5078 muamus
1091 5029 1184 5079 militia
1202 5030 1285 5089 uetuit,
1306 5029 1378 5080 stiam
1395 5026 1622 5080 adirecsersitum.
1663 5093 1666 5097 Ι

375 5106 399 5167 ²)
427 5112 527 5162 Walter
546 5114 639 5164 Gesch.
659 5116 684 5165 d.
704 5116 778 5168 Ram.
798 5117 893 5179 Reelrts
912 5120 927 5165 2
948 5115 1041 5178 §stt
1072 5144 1075 5149 ·
