3480 5804
524 506 821 560 oasuavarrouas
841 505 959 558 11111.
977 507 1038 556 xv.
1369 490 1441 562 287

115 642 234 736 Aruiates
255 677 306 752 (ci.
330 676 542 752 Dittenberger
562 678 582 734 l.
605 697 630 735 c.
653 697 682 754 p.
705 676 780 752 310)
802 676 913 734 factum
936 694 995 734 uon
1017 695 1056 734 cx
1076 676 1180 747 Lucio,
1203 677 1256 735 sed
1278 697 1317 737 ex
1330 679 1444 737 Larcio

116 780 164 839 vel
189 777 312 837 Larcio.
354 779 453 854 Magis
480 779 571 855 igitur
598 779 668 835 inde
695 778 870 855 colligemus
897 777 1049 836 Romanos
1075 778 1285 853 antiquissimo
1311 789 1446 857 tempore

115 880 330 958 pronuntiasse
352 879 543 955 Mo(lt)orcus
569 880 696 955 indeque
724 879 836 937 sactum
864 895 932 938 esse
954 878 1085 948 Marma,
1108 892 1141 936 ut
1166 897 1204 937 ex
1226 880 1447 941 abolefactam

116 988 164 1040 est
183 980 244 1040 alo.

198 1181 345 1242 Homines
366 1185 559 1242 nominantur
580 1182 708 1259 primum
730 1183 925 1259 magistratus
947 1182 1076 1240 Romani
1097 1191 1172 1240 tres:

117 1271 212 1343 Αὖλος
230 1276 372 1343 ‘Orriirec
394 1276 502 1343 ὕπατος
523 1302 551 1341 v.
573 1282 623 1341 42.
665 1282 721 1341 Est
747 1284 785 1339 A.
808 1282 958 1341 Hostilius
980 1282 1016 1341 L.
1035 1283 1056 1340 f.
1073 1284 1228 1342 Mancinus
1251 1302 1313 1343 cos.
1328 1303 1355 1342 1.
1373 1285 1443 1357 584,

158 1400 219 1460 qno
242 1394 373 1462 tempore
395 1394 517 1443 senatus
539 1385 708 1443 consultum
729 1384 841 1442 factum
863 1384 963 1442 estin
985 1384 1162 1443 Macedonia
1183 1402 1286 1461 agens.

118 1482 236 1546 Kdtvree
256 1478 374 1545 Μαίνιος
394 1477 478 1542 Τίτου
503 1480 561 1543 υἱός
583 1473 743 1566 στρατκγές
770 1503 797 1541 1.
824 1486 849 1540 l.
875 1485 923 1542 10.
947 1485 996 1542 38.
1039 1484 1212 1544 Praetorem
1235 1484 1273 1558 Q.
1295 1487 1446 1546 Maenium

161 1605 239 1663 qnae
261 1596 384 1645 senatus
406 1605 433 1644 a.
449 1586 510 1645 584
532 1585 569 1643 de
584 1585 736 1644 Abderitis
751 1585 943 1657 decrevisset,
965 1604 1020 1661 pro
1035 1587 1173 1644 contione
1196 1586 1311 1645 edicere
1331 1587 1446 1647 iussum

161 1706 230 1747 esse
251 1689 282 1745 in
304 1688 393 1746 buius
416 1688 486 1745 anni
507 1688 581 1744 actis
603 1686 709 1744 Livius
731 1687 782 1757 43,
805 1687 833 1759 4,
859 1685 895 1743 12
918 1696 1029 1757 narrat,
1051 1686 1122 1744 item
1144 1688 1194 1758 43,
1216 1689 1300 1759 6,10
1322 1690 1446 1748 eundem

160 1808 180 1848 a
193 1796 299 1848 senatu
313 1789 428 1847 iussum
448 1806 515 1846 esse
531 1787 752 1864 Lampsacenos
774 1788 806 1844 in
820 1788 971 1845 sociorum
988 1788 1145 1846 formulam
1157 1789 1277 1847 referre.
1311 1790 1449 1866 Apparet

159 1890 252 1967 igitur
279 1888 316 1963 Q.
343 1890 462 1948 Maenio
489 1898 659 1965 praeturam
687 1888 829 1945 urbanam
857 1907 884 1945 a.
913 1889 973 1946 584
1000 1888 1144 1965 obtigisse
1171 1908 1297 1965 eumque
1325 1892 1449 1951 consule

160 1993 199 2049 A.
221 1990 354 2049 Hostilio
375 1991 406 2048 in
429 1990 633 2048 Macedoniam
656 1989 799 2064 proiecto,
821 1989 915 2047 altero
938 1990 975 2047 A.
997 1989 1090 2047 Atilio
1112 1990 1143 2047 in
1163 1990 1291 2067 Ligures
1313 2002 1449 2050 senatum

160 2093 296 2168 coegisse
323 2099 353 2149 et
380 2110 428 2150 res
455 2092 585 2148 urbanas
614 2092 777 2149 curavisse.
821 2091 856 2147 Id
882 2091 982 2164 ipsum
1011 2092 1136 2165 requirit
1157 2093 1449 2151 senatusconsultum

161 2193 241 2269 quod
263 2193 423 2263 habemus3
448 2192 635 2249 notissimum
662 2192 740 2247 eninr
762 2200 808 2248 est
829 2191 1004 2248 absentibus
1026 2192 1200 2249 consulibus
1226 2210 1285 2249 non
1307 2194 1356 2250 cui
1378 2193 1450 2250 velit

161 2295 293 2373 praetori
314 2294 363 2352 ius
385 2309 452 2350 esse
475 2300 595 2349 senatus
617 2291 753 2366 cogendi,
776 2291 829 2349 scd
851 2291 996 2349 urbanum
1018 2311 1101 2348 more
1122 2293 1269 2349 maiorum
1291 2294 1450 2351 consulare

161 2412 270 2454 munus
292 2395 443 2453 sustinere
469 2393 600 2468 (Becker
621 2392 732 2449 enchir.
756 2390 784 2463 2,
813 2389 842 2461 2,
875 2392 942 2450 187.
969 2392 1061 2466 403);
1089 2399 1122 2448 ut
1150 2392 1197 2448 vel
1223 2410 1262 2450 ex
1289 2410 1340 2463 eo,
1366 2393 1448 2468 quod

162 2495 200 2570 Q.
223 2497 361 2555 Maenius
383 2503 519 2552 senatum
545 2493 710 2564 consuluit,
735 2492 889 2568 provincia
916 2492 980 2549 eius
1009 2491 1176 2567 colligatur.
1206 2525 1247 2533 —
1273 2491 1344 2550 Non
1370 2502 1449 2553 recte

161 2598 219 2655 viri
240 2598 320 2655 docti
342 2597 440 2654 adhuc
464 2596 492 2653 ei
513 2595 700 2671 peregrinam
726 2592 908 2668 provinciam
934 2593 1094 2662 dederunt,
1122 2593 1265 2650 urbanam
1287 2603 1387 2652 autem
1410 2593 1447 2666 Q.

161 2698 291 2767 Raecio,
316 2715 403 2772 quem
426 2696 531 2754 Livius
553 2697 604 2767 43,
632 2694 661 2766 9,
690 2696 773 2753 0111
800 2714 840 2752 11
868 2702 990 2752 senatus
1010 2693 1147 2752 consulto
1173 2694 1202 2750 in
1231 2703 1316 2768 parte
1341 2695 1449 2753 Italiae

161 2799 284 2874 Illyrico
306 2798 424 2856 obiecta
445 2798 556 2854 milites
571 2796 796 2871 conscripsisse,
819 2794 923 2852 deinde
945 2796 1070 2866 c.11,4
1093 2813 1131 2851 ex
1154 2793 1213 2851 alio
1235 2806 1356 2854 senatus
1379 2816 1449 2855 con·

162 2900 241 2958 sulto
267 2906 422 2958 senatores
448 2917 487 2957 ex
513 2907 576 2955 tota
600 2897 689 2953 Italia
715 2896 840 2953 Romam
873 2912 1042 2953 revocasse.
1091 2893 1171 2952 Nam
1200 2914 1238 2952 ex
1264 2895 1348 2955 bisce
1373 2899 1450 2974 ipsis

161 3001 236 3059 locis
261 3000 335 3059 satis
362 3000 546 3076 intellegitur
568 2998 710 3056 Raecium
733 2998 765 3055 in
786 2996 877 3055 Italia
897 2996 1005 3072 egisse,
1027 2996 1058 3053 id
1080 2996 1161 3070 quod
1182 2998 1314 3073 praetori
1336 2998 1449 3057 urbano

163 3122 200 3161 11
221 3102 332 3160 licebat
352 3102 483 3174 quidem,
505 3108 535 3157 ct
556 3117 603 3157 res
619 3099 742 3157 Italicas
764 3098 999 3157 administrasse.
1033 3097 1159 3174 Proprie
1182 3108 1282 3157 autem
1304 3117 1450 3174 quaenam

161 3201 317 3279 provincia
338 3200 376 3273 Q.
399 3201 512 3258 Raecio
534 3201 679 3257 evenerit·
693 3201 746 3257 ubi
767 3200 953 3274 quaerimus,
981 3199 1083 3275 paullo
1105 3200 1197 3257 altius
1220 3217 1268 3256 res
1289 3202 1451 3275 repetenda

161 3310 217 3359 est.
261 3298 381 3359 Scilicet
407 3317 472 3356 cnm
502 3300 567 3357 seni
595 3310 656 3357 tum
680 3307 832 3373 praetores
854 3309 1034 3368 crearentur,
1055 3317 1180 3371 (quorum
1203 3300 1265 3357 bini
1285 3300 1316 3356 in
1338 3299 1451 3376 Hispa·

162 3402 229 3459 nias
258 3400 302 3457 ire
329 3399 478 3469 solebant,
511 3398 592 3455 bello
619 3398 742 3455 Persico
775 3407 882 3454 exorto
910 3397 1038 3473 siugulis
1065 3407 1178 3455 tantum
1204 3399 1392 3473 praetoribus
1419 3400 1449 3458 in

164 3501 342 3579 Hispaniam
358 3500 460 3558 missis
474 3508 562 3556 extra
583 3499 716 3555 ordinem
740 3514 807 3554 sors
823 3498 901 3555 facta
922 3509 978 3567 est,
1001 3506 1034 3554 ut
1054 3497 1080 3554 is
1096 3507 1217 3572 praetor
1230 3498 1279 3555 cui
1300 3500 1451 3559 evenisset

162 3603 220 3661 iret
240 3620 299 3679 quo
315 3613 438 3661 senatus
454 3598 630 3659 censuisset.
662 3597 747 3656 Haec
769 3615 836 3655 sors
858 3616 924 3654 cum
948 3616 974 3654 a.
992 3596 1050 3655 583
1067 3595 1102 3655 C.
1117 3597 1259 3655 Lucretio
1281 3599 1449 3677 obtigisset,

162 3705 189 3764 is
211 3702 405 3762 Brundisium
427 3702 465 3761 ad
487 3701 614 3759 classem
635 3699 744 3758 missus
767 3708 813 3758 est
835 3698 914 3773 (Liv.
931 3696 981 3767 42,
997 3697 1061 3772 31).
1104 3697 1222 3756 Deinde
1243 3698 1351 3758 classis
1373 3700 1450 3759 inter

163 3805 334 3882 provincias
355 3821 417 3874 eas,
444 3803 482 3862 de
503 3802 612 3878 quibus
633 3808 786 3878 praetores
809 3800 996 3871 sortirentur,
1021 3806 1142 3875 recepta
1161 3799 1261 3858 evenit
1281 3819 1308 3858 a.
1331 3800 1392 3859 584
1412 3799 1448 3859 L.

163 3906 327 3965 Hortensio
349 3904 430 3979 (Liv.
453 3905 503 3976 43,
525 3904 554 3961 4.
577 3903 606 3961 7.
630 3902 673 3978 8),
696 3921 724 3959 1.
748 3901 807 3961 585
830 3899 865 3960 0.
887 3901 1002 3958 Marcio
1024 3899 1133 3979 Figulo
1156 3900 1238 3975 (Liv.
1253 3900 1304 3971 43,
1329 3902 1376 3958 11.
1401 3902 1449 3961 15.

164 4007 213 4079 44,
239 4007 279 4081 1),
305 4026 332 4063 a
360 4006 420 4065 586
448 4003 503 4063 (ln.
527 4003 654 4063 Octavio
684 4002 764 4077 (Liv.
792 4002 842 4073 44,
872 4002 933 4077 17).
978 3998 1038 4070 Sed
1064 4002 1219 4078 provincia
1247 4008 1279 4059 ut
1304 4002 1362 4059 iret
1390 4020 1450 4079 quo

162 4116 283 4168 senatus
305 4107 472 4165 censuisset
493 4106 588 4182 magis
610 4105 648 4161 ab
669 4104 794 4178 irnperio
817 4103 964 4160 maritimo
987 4103 1122 4161 seiuncta
1143 4112 1190 4159 est
1204 4120 1294 4177 quam
1316 4102 1450 4173 sublata3

164 4219 243 4267 certe
258 4227 285 4265 a.
301 4207 360 4266 586
382 4212 503 4283 praetor
523 4205 698 4281 peregrinus
721 4204 810 4261 simul
824 4204 941 4260 iubetur
962 4202 1006 4259 ire
1021 4221 1056 4259 eo
1072 4219 1131 4278 quo
1146 4210 1269 4260 senatus
1283 4203 1451 4262 censuisset

166 4309 231 4385 (44,
249 4309 296 4380 17,
327 4308 365 4365 10
393 4307 430 4366 ci.
457 4325 481 4364 c.
510 4305 560 4376 21,
580 4304 625 4379 4),
657 4313 687 4361 et
713 4304 777 4361 1111
811 4303 908 4360 simile
934 4312 982 4359 est
1007 4303 1096 4360 etiam
1123 4319 1268 4359 annorum
1293 4302 1362 4360 584.
1390 4302 1449 4361 585

163 4420 318 4487 praetores
341 4408 514 4485 peregrinos
537 4406 675 4465 similiter
695 4403 844 4480 duplicem
867 4412 977 4461 sortem
999 4404 1151 4461 habuisse.
1187 4402 1234 4461 Ea
1255 4420 1322 4462 sors
1343 4404 1451 4480 opinor

163 4530 191 4569 a.
215 4512 276 4570 584
297 4511 338 4568 Μ.
361 4509 473 4568 Raecio
495 4509 610 4578 evenit3
635 4507 753 4565 censuit
773 4512 872 4563 autem
895 4512 1026 4578 senatus,
1053 4515 1086 4563 ut
1111 4504 1184 4563 urbe
1204 4504 1309 4562 relicta
1329 4504 1450 4581 provin·

164 4614 270 4688 cisque
302 4613 460 4689 peregrina
496 4610 627 4686 collegae
661 4607 822 4667 commissa
857 4626 929 4665 orae
962 4607 1055 4666 maris
1087 4605 1253 4665 Hadriatici
1284 4606 1450 4665 custodiam

163 4715 337 4792 susciperet.
362 4747 400 4757 -
422 4712 459 4785 Q.
483 4712 620 4770 Maenius
642 4710 679 4768 T.
702 4710 721 4768 f.
745 4719 899 4786 praeterea
919 4708 1040 4785 ignotus
1062 4718 1117 4767 est.

121 4807 208 4877 Γάιος
233 4805 376 4898 Λοκρέτιος
397 4833 423 4872 v.
447 4812 496 4871 22.
521 4811 559 4870 52
586 4812 613 4869 is
641 4812 678 4870 de
704 4830 764 4887 quo
792 4811 881 4869 modo
908 4810 1039 4869 diximus
1067 4818 1187 4886 praetor
1213 4827 1241 4866 a.
1270 4806 1330 4866 583
1358 4807 1451 4867 classi

165 4917 303 4996 praefuit.

203 5016 406 5077 Nominantur
427 5016 533 5074 deinde
561 5016 703 5074 senatorii
725 5015 840 5074 ordinis
862 5014 917 5073 viri
938 5014 1087 5090 quinque,
1113 5011 1164 5088 qui
1189 5011 1307 5072 duobus
1329 5020 1451 5071 senatus

123 5119 270 5178 consultis
291 5120 338 5179 his
360 5119 522 5178 scribendis
545 5117 716 5176 adsuerunt:
