3480 5804
691 463 870 540 1111551151.
890 487 1095 540 1115111511.
1454 466 1526 538 237

202 659 273 717 item
305 658 443 717 oculatus
477 657 643 734 Dionysius
677 658 760 734 (post
792 677 820 717 a.
844 658 917 734 747)
948 659 1090 717 refectam
1123 660 1243 718 stetisse
1273 659 1386 718 eisdem
1419 659 1529 736 quibus

205 768 325 818 vetusta
338 759 472 837 vestigiis
489 791 527 801 -
543 777 612 816 nam
634 759 691 817 hoc
713 758 793 832 dicit,
816 777 884 817 cunr
905 759 1036 818 affirmat
1050 760 1223 818 Romuliaui
1239 760 1341 837 templi
1356 753 1387 816 τὲ
1405 754 1530 842 ἀρχαῖον

204 849 289 935 ἴχνος
310 860 400 918 etiam
421 866 483 916 tum
506 859 709 934 comparuisse
731 858 761 931 2,
782 860 823 919 34
844 860 882 919 81.
905 859 1023 918 Hermes
1039 859 1067 932 7,
1088 858 1204 918 201-
1225 861 1292 935 quis
1314 860 1434 937 negabit
1453 861 1531 920 hanc

204 977 271 1018 8888
296 978 362 1018 eam
391 960 494 1019 aedem
520 978 609 1035 quam
629 963 736 1035 seciam
763 967 887 1019 testetur
913 959 1088 1036 Augustus?
1120 962 1180 1019 iam
1206 961 1233 1019 si
1258 960 1316 1019 hoc
1343 971 1456 1021 certum
1483 973 1532 1022 est

123 1083 138 1109 e
203 1078 300 1136 neque
312 1060 384 1119 ullis
399 1061 634 1120 dubitationibus
657 1062 832 1133 obnoxium,
854 1079 907 1119 our
927 1061 1006 1120 idern
1028 1061 1175 1138 pertinere
1195 1062 1352 1138 negaveris
1374 1062 1412 1122 ad
1434 1063 1531 1123 aedera

123 5002 146 5112 l

203 1160 286 1218 deum
305 1161 454 1219 Penatium
474 1165 505 1218 iu
526 1161 618 1232 Velia,
649 1178 740 1237 quam
765 1161 822 1219 hoc
848 1162 968 1220 nomine
993 1170 1023 1220 et
1048 1162 1080 1218 in
1102 1163 1271 1238 Argeorum
1298 1163 1391 1222 sacris
1413 1165 1531 1224 circiter
1632 1164 1637 1173 ⁴

204 1268 292 1318 sexto
308 1262 429 1320 saeculo
450 1261 628 1338 conscriptis
651 1260 693 1336 (v.
711 1262 782 1338 Top.
798 1260 827 1334 2,
843 1260 918 1337 268)
941 1269 971 1320 81
991 1261 1022 1320 15
1044 1263 1180 1339 catalogo
1201 1263 1405 1340 prodigiorum
1424 1264 1531 1325 talium

204 1378 304 1419 rerum
325 1369 402 1420 teste
423 1361 571 1420 fidissimo
592 1362 630 1419 ad
651 1379 697 1420 aa
714 1360 785 1420 587.
807 1360 867 1421 589
889 1360 1039 1438 (111545,
1061 1363 1098 1422 16
1122 1363 1236 1439 Obseq.
1257 1363 1413 1441 prod.13)
1436 1367 1530 1426 uomi-

205 1467 308 1519 natam
329 1461 518 1521 invenimus?
547 1481 601 1520 cur
621 1481 682 1521 non
703 1462 743 1520 ad
763 1463 860 1522 cedma
873 1460 986 1521 Lunam
1007 1466 1038 1521 iu
1059 1483 1167 1523 ramma
1182 1484 1266 1524 suoru
1280 1469 1338 1536 oia,
1360 1483 1451 1541 quam
1471 1485 1532 1527 non

205 1560 303 1620 solum
317 1563 360 1622 ibi
373 1563 468 1622 fuisse
482 1562 610 1623 Ovidius
624 1562 646 1621 f.
663 1562 691 1634 6,
708 1563 765 1623 791
783 1564 910 1622 dicit-
924 1581 1105 1641 quamquam
1120 1565 1146 1623 is
1160 1565 1293 1642 Augusti
1306 1577 1531 1628 monumentum

204 1661 340 1720 vidit-
363 1664 576 1723 verumetiam
603 1663 683 1722 idem
708 1665 914 1745 prodigiorum
940 1664 1096 1743 catalogus
1124 1665 1162 1723 ad
1184 1684 1211 1723 a.
1234 1665 1305 1726 648
1319 1677 1533 1730 commemorat

205 1760 335 1840 (Obseq.
357 1781 384 1822 c.
406 1764 476 1840 41):
508 1769 538 1822 ia
563 1765 634 1822 cade
654 1762 767 1822 Larum
784 1767 906 1840 flamma
931 1783 951 1823 a
965 1767 1089 1842 sustipio
1115 1766 1531 1846 51181115511151887111585818-

203 1866 327 1921 natavit
339 1867 467 1923 11518818.
504 1863 619 1923 seilicet
638 1864 736 1924 futilis
757 1865 957 1942 est‘opinatio
979 1867 1056 1924 hano
1078 1884 1146 1925 esse
1168 1867 1205 1925 ab
1227 1886 1263 1925 ea
1281 1886 1373 1944 quam
1394 1871 1532 1930 novimus

204 1961 365 2023 diversam.
386 1965 517 2040 denique
531 1964 641 2024 scimus
655 1965 821 2024 Iuventatis
836 1966 939 2025 aedem
954 1965 985 2025 in
1000 1967 1080 2026 circo
1094 1969 1225 2026 maximo
1240 1976 1270 2026 et
1284 1969 1391 2029 Matris
1406 1988 1533 2048 magnae

205 2062 238 2122 rr
258 2064 377 2123 Palatio
400 2065 504 2125 eorem
526 2083 554 2124 r.
570 2064 630 2125 see
653 2065 806 2126 terretur
828 2083 896 2126 erse
918 2065 1001 2143 (mv.
1017 2066 1067 2139 eo,
1083 2068 1148 2143 es),
1170 2078 1204 2128 ur
1224 2084 1335 2130 caecus
1354 2071 1395 2130 ru
1415 2082 1534 2150 oportet
1630 2057 1638 2072 '

205 2164 278 2239 quin
304 2166 404 2225 videat
429 2166 485 2225 has
512 2183 633 2242 quoqne
658 2166 695 2225 ab
716 2167 855 2243 Augusto
883 2167 1010 2226 reiectas
1036 2176 1066 2226 et
1091 2169 1149 2227 hoc
1170 2169 1237 2227 loco
1258 2178 1380 2246 propter
1400 2173 1532 2232 natalem

205 2267 332 2324 eundem
353 2267 426 2325 olim
448 2274 602 2343 acceptum
626 2267 757 2324 sociatas
779 2284 856 2326 esse.
894 2273 1014 2344 praeter
1031 2267 1133 2325 Iovem
1153 2274 1306 2327 tonantem
1325 2269 1426 2347 igitur,
1450 2273 1532 2348 quod

206 2382 314 2424 nomen
339 2368 377 2426 ab
399 2367 538 2443 Augusto
558 2366 656 2443 primo
679 2373 885 2426 consecratum
908 2367 1130 2439 videturesse,
1159 2369 1381 2444 relinquuntur,
1408 2371 1445 2430 de
1467 2374 1531 2450 qui·

205 2465 263 2525 bus
290 2467 390 2543 possit
415 2467 559 2540 dubitari,
590 2465 710 2542 Quirini
735 2474 766 2526 et
791 2467 945 2527 Minervae
976 2486 1043 2527 oum
1068 2468 1131 2527 suis
1157 2468 1231 2527 Iove
1259 2476 1290 2528 et
1313 2469 1436 2532 lunone.
1479 2473 1533 2533 sed

205 2565 243 2626 de
264 2567 320 2626 hoc
341 2567 411 2644 ipso
431 2567 629 2628 Auentinensi
650 2567 733 2643 quod
753 2571 860 2644 putant
880 2565 1031 2644 Capitolio
1052 2568 1142 2643 paulo
1163 2569 1248 2628 aliter
1269 2569 1425 2631 existimor
1453 2591 1532 2652 nego

205 2665 280 2726 deos
295 2665 485 2745 Capitolinos
506 2669 549 2728 ibi
570 2687 631 2727 una
652 2668 725 2727 aede
746 2668 894 2746 tripertita
914 2668 1011 2727 cultos
1033 2686 1111 2742 esse,
1133 2670 1262 2745 primum
1281 2671 1363 2746 quod
1376 2670 1532 2750 Augustus

205 2785 266 2826 non
288 2771 385 2828 8811815
406 2769 459 2829 8811
480 2771 564 2829 aedes
587 2769 675 2841 dixit,
697 2768 806 2828 deinde
826 2769 907 2844 quod
928 2768 1018 2827 trium
1039 2769 1194 2828 numinum
1215 2770 1305 2829 aedes
1325 2770 1359 2829 in
1379 2772 1532 2834 Aventino

206 2876 276 2927 ante
296 2869 470 2946 Augustum
496 2869 593 2929 icisse
619 2878 649 2927 ct
675 2869 810 2928 diversos
836 2869 952 2927 natales
973 2869 1084 2928 habere
1105 2877 1233 2942 constat,
1258 2872 1411 2931 Minervas
1431 2868 1532 2936 autem

206 2969 311 3029 aedem
332 2978 401 3047 post
422 2972 593 3048 Augustum
614 2987 673 3028 non
696 2969 803 3028 cellam
825 2969 878 3029 sed
900 2968 1002 3027 aedem
1029 2969 1122 3028 luisse
1144 2979 1297 3046 superstes
1317 2972 1414 3048 ipsius
1435 2975 1533 3036 forma

206 3071 302 3130 docet.
338 3072 435 3131 tenuis
457 3089 531 3131 sane
552 3079 598 3130 est
618 3070 763 3128 memoria
775 3070 855 3128 Iouis
872 3070 1026 3129 libertatis:
1049 3070 1103 3128 sed
1120 3076 1218 3128 tamen
1238 3073 1326 3131 facile
1345 3091 1380 3133 eo
1399 3076 1533 3137 adducor

207 3179 240 3229 ut
266 3170 403 3242 credam,
435 3172 505 3231 huic
530 3172 591 3247 ipsi
620 3171 692 3244 deo,
724 3187 812 3245 quem
840 3170 905 3228 Ioui
924 3169 1043 3245 sulpuri
1074 3170 1269 3248 hemerologii
1294 3174 1453 3235 Arvalium
1480 3177 1532 3236 8111

206 3279 419 3348 compararunt
438 3271 577 3347 titulique
597 3277 694 3328 aetate
715 3270 827 3328 liberae
848 3270 892 3326 rei
913 3269 1053 3345 publicae
1074 3270 1186 3328 cultum
1209 3289 1276 3331 esse
1297 3273 1413 3347 docent,
1436 3275 1532 3336 Grac-

207 3371 297 3430 chum
317 3389 344 3430 8.
360 3371 421 3430 516
443 3389 505 3429 888.
528 3368 628 3428 sedern
650 3386 786 3444 parasse,
808 3367 973 3451 Libertatis
995 3376 1093 3426 autem
1114 3388 1223 3428 nomen
1237 3390 1293 3448 pro
1313 3372 1448 3449 pleniore
1468 3376 1532 3436 sive

206 3469 287 3530 Livii
310 3470 360 3543 24,
385 3470 422 3529 16
443 3470 507 3530 8158
527 3468 631 3527 librari
652 3469 785 3527 incuriae
807 3467 918 3539 deberi,
944 3485 1012 3526 oum
1037 3470 1213 3542 praesertim
1234 3469 1397 3533 Libertatis
1422 3476 1531 3536 atrium

207 3573 296 3632 toties
329 3577 591 3631 commemoratum
624 3587 756 3629 errorem
786 3567 875 3626 facile
906 3585 1064 3644 procreare
1094 3570 1234 3645 potuerit.
1281 3570 1387 3632 deinde
1412 3574 1531 3635 11158518

206 3676 323 3750 rapinas
343 3672 448 3731 aedem
469 3669 677 3730 Camillianam
698 3669 731 3728 in
754 3668 905 3727 Aventino
926 3685 1030 3728 omnes
1051 3678 1162 3728 norunt
1181 3669 1263 3745 (Liv.
1283 3671 1312 3743 5,
1337 3671 1386 3733 21.
1403 3671 1451 3732 22.
1465 3673 1531 3752 28),

206 3790 378 3851 quanquam
399 3772 581 3850 aliquotiens
606 3771 695 3830 huius
721 3769 804 3829 aedis
830 3768 986 3828 historiam
1010 3786 1077 3828 cunr
1097 3769 1223 3830 Iunonis
1244 3771 1378 3850 Reginae
1398 3774 1430 3832 in
1451 3776 1532 3835 circo

207 3873 357 3934 Flaminio
384 3873 505 3933 condita
530 3891 558 3931 a.
581 3871 641 3932 575
663 3871 819 3930 confusam
841 3869 1031 3947 deprehendi,
1055 3878 1089 3930 51
1113 3873 1194 3949 apud
1218 3873 1386 3933 Becherum
1410 3894 1440 3953 p.
1459 3875 1531 3937 452.

208 3975 248 4033 811
267 3977 345 4034 11858
366 3976 446 4035 enim
467 3974 569 4034 aedem
585 3990 612 4031 8.
629 3973 688 4032 575
710 3972 877 4032 dedicatam
896 3972 1047 4048 pertinent
1065 3973 1202 4049 prodigia
1223 3991 1269 4032 aa.
1285 3975 1356 4034 592.
1373 3973 1442 4035 620.
1460 3976 1530 4037 621.

209 4074 280 4134 655.
303 4074 362 4134 657
385 4075 423 4134 81)
444 4074 634 4151 Obsequente
655 4091 681 4132 o.
699 4072 747 4131 16.
764 4071 814 4130 27.
829 4071 878 4130 46.
894 4072 934 4131 48
955 4072 1060 4144 relata,
1087 4073 1197 4148 quibus
1218 4082 1331 4133 attente
1352 4077 1531 4136 examinatis

207 4193 275 4234 eam
301 4174 405 4233 aedem
432 4174 529 4251 magis
557 4172 714 4248 magisque
740 4173 827 4248 quasi
855 4171 1023 4232 effloruisse
1048 4171 1192 4244 invenies,
1224 4191 1290 4231 cnm
1316 4175 1531 4236 Auentinensis

209 4273 326 4334 delubri
350 4274 495 4332 memoria
519 4273 640 4332 saeculo
668 4272 796 4349 septimo
822 4271 987 4330 delitescat
1029 4273 1160 4331 natalem
1184 4272 1268 4331 lovis
1289 4273 1473 4352 Iunonisque
1499 4277 1532 4336 in

209 4375 362 4434 Aventino
382 4374 507 4433 eundem
528 4373 620 4433 luisse
641 4372 876 4450 hemerologium
896 4371 1052 4430 Arvalium
1073 4373 1191 4432 videtur
1209 4373 1314 4432 testari
1334 4373 1373 4432 ad
1397 4375 1412 4433 1
1434 4373 1531 4452 Sept:

209 4476 274 4535 Ioui
292 4475 399 4535 Iunoni
419 4477 450 4532 r‘rt
470 4473 619 4533 Aventino.
662 4471 755 4550 (quae
780 4474 872 4532 verba
898 4473 930 4531 in
956 4471 1048 4530 litura
1074 4472 1175 4550 posita
1202 4480 1272 4532 sunt
1299 4475 1459 4535 subiuncta
1483 4475 1532 4536 his

209 4575 275 4636 Ioui
305 4577 415 4634 tenuati
445 4578 475 4634 ia
510 4573 679 4650 Capitolio).
730 4592 800 4632 nam
831 4572 911 4632 18188
941 4572 1025 4631 18518
1057 4573 1191 4632 natalem
1220 4573 1337 4633 dixisse
1366 4575 1533 4636 Becherum

208 4678 289 4753 Aug.
313 4676 350 4734 13
380 4675 454 4734 511111
478 4674 647 4734 Mommsen
672 4673 712 4733 ib.
739 4693 768 4750 p.
789 4674 859 4733 399.
906 4679 1001 4732 restat
1025 4672 1115 4733 aedes
1140 4672 1294 4732 Minervae
1320 4673 1439 4748 condita
1464 4685 1533 4736 ante

209 4796 238 4837 a.
254 4776 313 4836 547
337 4774 435 4851 (11881.
455 4793 486 4853 p.
501 4775 561 4834 333
584 4774 622 4834 87.
642 4772 709 4834 Liv.
732 4773 783 4845 27,
804 4772 868 4848 37).
902 4773 934 4832 in
950 4772 1114 4832 formarum
1134 4773 1217 4832 urbis
1232 4772 1347 4832 Romae
1359 4774 1535 4851 fragmentis

210 4873 392 4953 Capitolinis
405 4883 427 4935 1.
441 4873 459 4934 1
472 4874 549 4937 8811
570 4883 654 4935 extat
672 4874 772 4950 imago
794 4871 877 4933 aedis
898 4873 1064 4949 peripteroe
1084 4873 1263 4951 hexastylos
1283 4873 1332 4934 oui
1349 4873 1534 4951 adscriptum

210 4974 376 5038 1111888881
403 4974 523 5037 81118881
544 4975 682 5053 porticus
705 4991 817 5052 magua
841 4974 889 5034 cui
914 4973 1097 5050 adscriptum
1126 4973 1305 5052 Comr'ficr'o.
1327 5016 1335 5032 .
1361 4976 1439 5034 hane
1464 4991 1534 5034 esse

211 5072 568 5159 [17888881Μῆ8]
588 5074 713 5159 ιαμ
731 5072 799 5137 xn
824 5075 864 5136 811
888 5075 1047 5138 8851151551
1071 5074 1185 5154 primae
1206 5075 1295 5136 sitam
1315 5081 1435 5155 praeter
1453 5073 1532 5135 alios
