3480 5804
204 489 251 561 68
776 502 959 557 stomun

202 679 370 738 doctissimi
392 687 423 736 et
443 677 623 736 sanctissimi
645 695 753 735 nomen
773 677 834 734 ium
856 675 935 751 apud
957 681 1079 732 nostrae
1097 672 1170 730 artis
1184 671 1321 730 homines
1335 670 1443 729 merito
1455 668 1537 726 insa·

201 789 315 839 matum
336 788 398 850 est3
419 778 616 853 similiterque
638 787 706 836 ante
727 779 783 835 bos
802 777 908 853 viginti
929 793 1025 833 annos
1045 774 1078 831 in
1098 774 1174 832 actis
1194 772 1346 831 societatis
1361 768 1537 831 Saxouicae

201 879 369 939 minoribus
391 897 418 936 a
444 878 523 937 1850
545 896 575 953 p.
599 877 659 937 294
684 879 787 936 monui
808 877 894 935 citari
916 875 997 953 apud
1019 873 1180 934 Gruterum
1201 879 1345 949 excerpta
1365 889 1405 928 ex
1427 869 1538 928 codice

202 980 306 1055 aliquo
331 978 492 1038 cardinalis
518 977 683 1054 carpensis
709 979 788 1036 lacta
813 995 832 1033 a
854 976 975 1034 Metello
1001 975 1121 1033 bomine
1145 974 1217 1032 item
1245 971 1476 1031 accuratissimo
1504 977 1538 1026 et

201 1079 431 1155 religiosissimo
456 1079 586 1136 formata
606 1078 660 1135 illa
680 1096 718 1135 ex
742 1077 933 1135 Iucundianis
955 1082 1100 1152 perpetua
1121 1073 1269 1150 foedaque
1291 1069 1537 1148 interpolatione.

202 1178 366 1256 coepimus
396 1179 488 1254 igitur
521 1179 656 1237 diffidere
681 1178 872 1253 aliquatenus
899 1174 1090 1235 Gruterianis
1116 1175 1174 1246 his,
1205 1174 1270 1232 sire
1296 1172 1460 1232 Ursiniaua
1488 1168 1538 1227 di·

201 1286 310 1339 cuntur
331 1280 395 1339 sive
409 1279 582 1337 Metelliauu
604 1280 669 1338 sive
684 1277 938 1346 Guteusteniuna3
961 1276 1016 1334 sed
1035 1294 1102 1333 cum
1124 1275 1191 1352 ipsa
1209 1274 1377 1333 interierint
1397 1272 1481 1348 (nam
1502 1271 1537 1329 iu

201 1381 307 1458 paucis
329 1380 507 1438 schedarum
523 1377 768 1437 Gruterianarum
791 1377 926 1452 reliquiis
941 1394 1018 1452 quae
1033 1384 1194 1451 supersunt
1208 1375 1237 1432 iu
1253 1373 1436 1433 bibliotheca
1448 1370 1536 1449 Lng-

202 1481 331 1538 duuensi
352 1477 608 1537 Gutensteniauuc
629 1479 731 1537 nullae
752 1476 948 1554 comparent),
970 1476 1114 1553 perierint
1138 1477 1208 1534 item
1230 1494 1296 1535 cum
1319 1491 1436 1533 summo
1458 1472 1536 1531 artis

202 1589 323 1638 nostrae
344 1579 454 1636 damno
468 1577 631 1636 Ursiniana
651 1578 713 1636 iere
736 1579 885 1647 universa,
907 1577 1081 1635 Metelliana
1102 1577 1229 1651 denique
1248 1575 1385 1652 pleniora
1397 1590 1537 1649 esscpo-

202 1680 314 1738 tuerint
339 1686 409 1736 ante
430 1679 488 1735 tria
507 1679 628 1736 saecula
648 1679 729 1753 apud
746 1678 905 1736 Vallaeum
929 1695 1019 1753 quam
1041 1694 1120 1734 nuuc
1142 1685 1211 1734 sunt
1231 1676 1262 1734 in
1277 1674 1427 1733 Vaticana
1453 1672 1537 1749 (cod.

202 1779 295 1838 6034.
317 1777 532 1836 6037-0040.
556 1778 668 1852 8495),
693 1787 764 1854 post
785 1779 945 1836 iudicatam
966 1778 1003 1835 de
1024 1776 1130 1835 fraude
1150 1776 1359 1852 quaestionem
1380 1773 1477 1832 altera
1497 1773 1539 1832 de

201 1879 317 1938 fraudis
344 1888 466 1936 auctore
491 1879 635 1936 remansit
661 1879 718 1936 sub
743 1879 850 1936 iudice.
892 1878 959 1935 Iam
984 1895 1056 1935 vero
1083 1895 1173 1953 opere
1199 1875 1379 1952 procedente
1399 1873 1538 1949 intellegi

202 1989 340 2055 coeptum
366 1987 413 2034 est
433 1978 531 2051 ipsum
555 1976 786 2036 Guteustenium
808 1988 869 2035 tum
891 1978 921 2035 iu
944 1977 1040 2036 titulis
1060 1994 1150 2052 quam
1171 1978 1203 2034 in
1224 1976 1344 2036 schedis
1363 1975 1539 2054 describenf

201 2080 249 2137 dis
270 2078 351 2136 mala
370 2077 476 2135 fraude
498 2097 558 2136 nou
578 2096 648 2135 raro
670 2096 758 2136 usum
780 2095 855 2147 esse,
877 2079 909 2136 id
930 2085 977 2135 est
995 2077 1056 2134 alia
1070 2077 1190 2152 quidem
1203 2076 1331 2136 fideliter
1345 2096 1415 2136 eum
1436 2076 1481 2134 ita
1502 2082 1538 2134 ut

201 2186 357 2254 acceperat
370 2178 532 2249 rettulisse,
554 2178 615 2235 ulia
628 2196 699 2235 vero
721 2196 817 2252 neque
832 2197 869 2236 ea
883 2196 979 2255 pauca
993 2188 1045 2236 aut
1061 2178 1260 2253 interpolasse
1274 2185 1326 2236 aut
1339 2177 1537 2235 confinxisse.

202 2278 238 2336 ld
264 2279 307 2336 ita
334 2296 404 2337 esse
430 2278 489 2335 iam
519 2277 738 2347 demonstrabo,
772 2279 826 2336 sed
856 2278 1000 2348 breviter3
1032 2296 1129 2354 neque
1158 2279 1237 2336 euim
1269 2278 1469 2355 postulamus,
1501 2285 1539 2335 ut

202 2378 302 2436 taedia
332 2395 411 2454 quae
442 2395 497 2436 nos
530 2379 741 2438 devoravimus
773 2379 874 2436 omnia
904 2380 956 2453 qui
988 2379 1062 2436 haec
1093 2379 1197 2454 legunt
1225 2378 1298 2436 item
1329 2379 1540 2454 perpetiantur

202 2496 298 2554 neque
320 2480 418 2537 iustae
440 2479 472 2535 in
494 2479 546 2536 tali
568 2480 745 2554 quaestione
767 2479 969 2536 studiosorum
990 2479 1194 2554 impatientiae
1216 2478 1437 2536 obliviscemur.

252 2562 255 2567 ⁴
288 2581 314 2637 1.
358 2577 563 2650 Urbanarum,
590 2596 666 2654 quas
693 2577 840 2638 Gruterus
868 2579 910 2635 ait
932 2579 1013 2637 visas
1040 2595 1110 2636 esse
1132 2575 1346 2651 Gutensteuio,
1373 2579 1539 2656 pleraeque

201 2680 350 2755 genuinae
381 2687 452 2736 sunt
479 2690 510 2737 et
536 2688 617 2736 recte
644 2685 674 2736 et
702 2679 794 2752 probe
822 2677 1005 2753 descriptae,
1037 2679 1168 2736 maxime
1195 2688 1335 2738 servatae
1360 2688 1424 2737 turn
1454 2679 1538 2754 apud

204 2775 397 2836 Gutcusteuii
423 2785 581 2853 patronum
602 2776 763 2834 Horatium
784 2775 957 2846 Vallaeum,
980 2784 1014 2834 ut
1035 2775 1123 2836 Grut.
1147 2776 1238 2850 1083,
1260 2778 1279 2837 8
1303 2780 1356 2855 (=
1378 2778 1435 2848 Vl,
1459 2777 1538 2854 851)

202 2875 242 2933 1..
260 2876 374 2934 Valerio
395 2877 493 2934 Voleso
507 2886 574 2947 cet,
597 2895 691 2951 nuper
709 2875 860 2934 custodita
872 2877 953 2951 apud
968 2876 1073 2949 Feam,
1094 2887 1124 2935 et
1139 2876 1227 2937 Grut
1245 2879 1336 2950 1013,
1354 2879 1392 2937 10
1407 2879 1461 2956 (=
1477 2878 1538 2952 vl,

206 2975 279 3048 170)
300 2978 409 3032 mari
422 2975 522 3031 Fortia
542 2976 666 3032 librtum
687 2985 752 3046 cet,
774 2985 915 3050 prostans
935 2976 1026 3034 bodie
1047 2978 1078 3035 iu
1100 2995 1204 3038 museo
1219 2977 1439 3055 Neapolitau03
1462 2980 1537 3039 item

204 3092 283 3150 quae
308 3081 370 3130 tum
396 3073 454 3131 luit
478 3074 510 3131 iu
536 3074 665 3132 ecclesia
690 3072 722 3132 S.
748 3074 861 3133 llariae
890 3076 928 3133 ad
954 3079 1047 3134 Aram
1073 3078 1162 3149 caeli,
1193 3097 1272 3138 nunc
1298 3089 1347 3139 cst
1371 3081 1404 3137 iu
1430 3099 1538 3141 museo

204 3172 377 3249 Capitolino
398 3191 452 3230 ara
465 3173 544 3231 Isidi
563 3192 649 3232 caera
664 3170 752 3232 Grut
768 3175 819 3245 83,
836 3175 874 3233 10
890 3175 942 3249 (=
954 3175 1008 3246 VI,
1023 3177 1108 3252 351).
1145 3176 1206 3238 Sed
1226 3187 1289 3238 tres
1310 3198 1388 3256 quae
1402 3198 1538 3258 sequun-

204 3287 254 3333 tur
275 3274 345 3332 item
367 3291 387 3331 a
407 3270 606 3332 Gutensteuio
627 3273 679 3349 qui
700 3273 808 3332 viderit
831 3275 942 3333 relatae
962 3294 1058 3351 neque
1079 3279 1117 3336 ab
1138 3278 1200 3336 alio
1222 3296 1372 3356 quoquam
1394 3281 1442 3339 rel
1465 3290 1537 3341 ante

203 3374 287 3433 visae
309 3373 355 3431 vel
377 3383 484 3450 postea
504 3374 663 3433 dificulter
683 3383 842 3450 patronum
864 3376 1085 3447 nanciscentur3
1113 3386 1183 3436 sunt
1204 3389 1304 3438 autem
1328 3380 1396 3440 bae.

312 3517 413 3570 Romae
445 3518 513 3569 basia
545 3520 612 3569 iuter
643 3520 695 3570 alia
723 3534 852 3570 marmora
879 3533 945 3584 quae
975 3521 1009 3570 ad
1035 3521 1159 3572 fabricam
1187 3523 1222 3573 D.
1249 3525 1322 3576 l’etrl
1350 3527 1379 3576 in
1405 3527 1538 3578 Vaticano

313 3616 441 3658 aacautur.

357 3699 424 3761 Imp.
449 3697 524 3747 Gaea.
548 3699 578 3747 1..
601 3698 729 3762 Septimio
752 3699 849 3750 Severo
872 3695 877 3760 Ι
903 3698 952 3748 Pio
970 3698 1100 3750 Pertinaci
1125 3710 1197 3765 pout
1221 3718 1293 3754 max.
1312 3704 1373 3756 trib.
1392 3716 1447 3772 pot.
1466 3709 1538 3760 vm

358 3789 420 3851 imp.
440 3787 481 3836 1x
504 3801 556 3835 cos.
576 3784 643 3848 ΠΙΙ
668 3802 694 3850 p.
714 3802 754 3850 μς
774 3788 836 3851 imp.
856 3787 930 3838 Caes.
950 3789 987 3838 ll.
1007 3791 1116 3840 Aurelio
1135 3793 1271 3843 Antonino
1296 3793 1301 3859 Ι
1324 3796 1384 3847 trib.
1403 3805 1458 3861 pot.
1478 3800 1538 3850 1111

360 3890 413 3925 coa
433 3877 461 3925 ll
479 3876 589 3938 principi
610 3872 615 3937 Ι
638 3876 682 3939 pio
700 3876 771 3925 felici
791 3911 798 3926 .
817 3911 825 3925 .
845 3912 853 3925 .
872 3912 880 3926 .
899 3886 952 3928 nat.
971 3914 978 3928 .
999 3915 1006 3928 .
1026 3915 1033 3929 .
1054 3879 1083 3945 ,Ι
1104 3880 1186 3931 Iuliae
1204 3884 1275 3949 Aug.
1298 3888 1376 3936 matri
1395 3889 1465 3952 Aug.
1484 3887 1489 3953 Ι
1509 3899 1538 3940 et

359 3972 465 4013 eaatrcr.
483 3961 528 4025 etl
545 3973 648 4013 acuam
664 3964 670 4029 Ι
685 3965 820 4028 collegium
839 3980 929 4031 augur.
946 3965 951 4031 Ι
966 3983 992 4031 p.
1011 3984 1037 4032 p.

315 4052 389 4105 (truc
412 4053 473 4113 864,
494 4053 520 4102 6.
554 4044 675 4104 ‘Grutero
694 4054 813 4106 Guteuat.
832 4057 876 4120 qul
894 4049 976 4106 ridit’

208 4174 1538 4203 -—-——----—-.—..—-—*

317 4247 416 4300 Romae
434 4247 501 4297 iuter
519 4262 656 4309 marmora.
675 4263 741 4314 quae
759 4257 879 4314 aptantur
896 4251 1009 4303 labricas
1028 4254 1063 4303 1).
1081 4254 1153 4305 Petri
1171 4257 1200 4307 iu
1218 4258 1355 4310 Vaticano.

359 4337 449 4387 DDD.
471 4352 534 4387 uun.
557 4335 564 4401 Ι
589 4338 772 4406 Valentiniano
797 4338 802 4404 Ι
825 4340 930 4390 Valenti
952 4350 978 4392 et
1001 4340 1006 4403 Ι
1032 4342 1159 4395 Gratiano
1182 4349 1288 4412 dum.
1314 4349 1319 4415 Ι
1343 4352 1394 4415 piis
1417 4352 1539 4406 ielicibua

358 4441 389 4476 ac
405 4426 411 4490 Ι
426 4441 528 4492 semper
540 4427 692 4478 triumlator.
708 4426 714 4491 Ι
729 4430 830 4493 siguum
842 4430 947 4480 Herculi
966 4431 1023 4480 rict
1039 4429 1044 4493 Ι
1062 4433 1095 4482 ob
1112 4430 1177 4498 p‘rov
1178 4471 1295 4489 .....
1313 4439 1318 4505 Ι
1333 4450 1389 4491 rect
1389 4478 1508 4494 .....
1532 4442 1538 4512 Ι

357 4515 936 4581 ampli...,lvotile....iaXX

315 4603 390 4656 Grut.
412 4606 491 4668 1018,
512 4608 537 4657 6.
572 4597 694 4659 ‘Grutero
713 4606 894 4658 Gutauataniua
913 4609 957 4673 qui
975 4605 1055 4659 ridlt'.

207 4723 1536 4754 Q

315 4795 413 4847 aona
436 4799 502 4849 lucar
526 4800 626 4865 lapidea
648 4802 693 4866 qui
716 4802 744 4851 in
766 4816 841 4851 urum
863 4800 977 4852 fabricae
1000 4803 1035 4853 D.
1059 4804 1131 4855 Patri
1153 4817 1273 4861 amatur
1296 4812 1367 4864 basia
1389 4829 1539 4869 munerea

315 4882 406 4934 tracta

359 4971 779 5044 Felicitatildomuaduguatl
800 5014 918 5030 .....
939 4978 1537 5062 loffldcnmo....lT.AaliuaAug.

359 5061 1120 5135 l.....l'l'.1uliuaAug.l....immun
