3480 5804
375 479 424 531 nu
441 477 621 532 uouemus
639 477 685 528 un
703 474 974 530 sacuauomavs
990 474 1095 528 naor.
1321 457 1393 528 713

71 579 288 590 ...-.-.-——----

69 651 269 712 Constantino
297 651 387 710 etiam
415 669 527 708 novum
552 668 606 726 per
632 649 765 724 Africam
793 649 979 707 sacerdotium
1007 649 1147 708 decretum
1172 649 1296 709 Flauiae
1322 655 1398 727 perri

67 764 113 813 est
134 752 253 829 (Aurel.
269 751 347 811 Vict.
371 751 408 810 de
430 749 519 811 Caes.
542 751 593 822 40,
609 748 674 825 78),
695 749 898 826 habemnsque
920 749 1036 808 titulum
1060 749 1145 808 Festi
1159 749 1305 828 Hymetti,
1327 771 1395 828 pro·

67 854 199 914 consulis
221 853 343 912 Africae
365 854 445 912 circa
466 872 493 910 a.
509 851 585 924 368,
612 851 659 909 cui
684 850 768 909 laudi
789 850 885 920 datur,
911 852 989 925 quod
1009 852 1134 909 stadium
1155 854 1309 912 sacerdotii
1325 871 1397 929 pro·

67 959 179 1014 vinciae
206 959 374 1024 restituerit,
403 963 435 1012 ut
462 972 583 1028 nuncu
611 951 830 1028 conpetitoribus
851 952 1013 1027 adpetatur,
1042 953 1120 1028 quod
1145 963 1228 1012 antea
1243 957 1397 1031 formidini

63 1058 154 1132 fieerit
177 1055 315 1131 (Henzen
331 1055 437 1130 6904).
599 1051 603 1060 ’

153 1158 229 1215 Item
251 1155 417 1214 Nvumtnu
438 1155 611 1233 provinciae
625 1157 731 1230 flamen
753 1154 852 1212 estin
874 1154 963 1213 inser.
985 1153 1136 1214 Annuaire
1157 1156 1191 1213 de
1215 1157 1398 1217 Constantine

74 1257 150 1316 1861
173 1277 202 1334 p.
218 1256 279 1315 737
302 1275 331 1314 u.
348 1258 376 1315 7.

153 1357 294 1433 Denique
315 1358 518 1416 Mauretaniae
535 1361 703 1432 prouinciae
715 1357 822 1431 flamen
844 1355 955 1415 Reuier
969 1356 1061 1416 8915.

154 1457 204 1516 71.
248 1457 406 1517 Postremo
428 1458 542 1516 Irsms
568 1474 687 1534 qnoque
713 1457 745 1515 in
770 1456 939 1533 provincias
967 1457 1066 1516 divisa
1091 1458 1179 1517 etiam
1203 1460 1306 1518 harum
1329 1480 1399 1538 pro·

71 1560 235 1616 vinciarnm
255 1559 426 1617 sacerdotes
448 1559 645 1636 reperiuntur,
667 1558 771 1634 quales
793 1567 862 1616 sunt

113 1660 248 1718 sorados
270 1659 453 1734 (provinciae
478 1658 667 1736 Campaniae)
690 1676 717 1716 a.
735 1657 793 1717 387
817 1656 955 1734 (Henzen
977 1679 1005 1718 ιι.
1022 1659 1119 1736 6117)

110 1770 229 1835 praetor
249 1759 390 1819 Etruriae
412 1760 549 1837 (Heneen
570 1780 600 1818 ιι.
617 1759 713 1834 6497)

110 1870 229 1936 praetor
243 1860 381 1919 Etmriae
403 1860 472 1920 XV
482 1860 658 1937 populorum
679 1857 792 1932 (Orelli
813 1878 842 1917 n.
858 1859 907 1919 96.
924 1859 973 1919 97.
990 1860 1085 1932 31493
1108 1861 1232 1922 Henzen
1255 1885 1284 1923 ιι.
1302 1866 1398 1942 6188)

113 1965 226 2020 iuratus
246 1963 288 2019 ad
307 1979 395 2020 sacra
415 1955 552 2020 Etmriae
574 1952 685 2037 (Orelli
706 1977 736 2017 n.
752 1957 847 2034 7187)

116 2064 262 2132 sacerdos,
285 2080 366 2138 quern
387 2064 588 2120 anniversaria
609 2064 666 2119 oica
692 2058 811 2119 Umbria
832 2063 910 2120 dedit
930 2060 1070 2137 (Heneen
1092 2083 1121 2121 ιι.
1138 2065 1233 2141 5580)

114 2172 265 2221 coronatus
291 2162 409 2221 Mace
430 2171 456 2220 et
483 2161 616 2220 Umbriae
637 2160 820 2236 (Mommsen
841 2163 900 2220 An.
923 2180 969 2238 ep.
992 2181 1021 2220 u.
1039 2164 1057 2222 9
1080 2184 1109 2241 p.
1125 2164 1201 2240 714)

71 2265 107 2322 de
129 2263 240 2339 quibus
262 2263 400 2322 omnibus
423 2281 483 2321 non
504 2271 552 2321 est
572 2261 654 2337 quod
671 2269 740 2336 post
754 2261 971 2320 Mommsenum
987 2265 1046 2322 An.
1062 2282 1108 2339 ep.
1131 2284 1160 2323 n.
1177 2264 1239 2325 8.9
1262 2267 1398 2345 pluribus

73 2365 270 2442 disputemus.

156 2676 240 2735 Haeo
260 2676 362 2746 habui,
384 2693 462 2751 quae
484 2676 520 2732 de
535 2672 670 2742 conciliis
685 2672 904 2748 provinciarum
920 2671 1057 2733 afferrem
1073 2677 1252 2751 testimonia,
1275 2682 1399 2756 quibus-

73 2797 139 2835 cum
161 2777 213 2853 qui
233 2777 424 2835 coniunxerit
444 2793 495 2847 ea,
521 2792 598 2850 qnae
620 2773 826 2834 Gothoiredus
847 2773 878 2831 in
900 2775 1051 2849 paratitlis
1073 2775 1150 2836 (lod.
1170 2777 1228 2838 Th.
1247 2778 1295 2853 17,
1312 2779 1349 2838 17
1371 2794 1402 2841 et

76 2876 123 2950 16,
143 2877 180 2936 10
201 2887 232 2935 et
252 2877 304 2953 qni
325 2876 412 2935 illum
427 2885 546 2937 secutus
561 2884 617 2949 est,
640 2874 770 2936 Carolus
785 2875 875 2933 Mean
893 2860 970 2935 doe
983 2876 1028 2934 die
1040 2877 1209 2938 Bimisclten
1222 2880 1402 2941 Prouincial-

73 2977 235 3055 Landtape.
275 2978 353 3036 Kiln
379 2978 440 3037 und
460 2977 553 3052 Neuss
578 2975 667 3037 1857.
696 2979 716 3036 4
745 2976 946 3053 collegerant,
973 2976 1129 3054 aliquanto
1156 2980 1281 3054 certius,
1310 3001 1400 3059 qnam

73 3088 161 3138 antea
182 3080 293 3138 factum
317 3088 377 3151 est,
399 3078 436 3137 de
458 3081 539 3137 omni
561 3078 617 3137 hac
638 3079 815 3155 quaestione
834 3077 986 3138 iudicabit.
1030 3078 1173 3157 Inprimis
1194 3101 1273 3143 nnnc
1295 3085 1401 3162 explo-

73 3188 171 3240 ratum
193 3198 260 3239 esse
282 3179 400 3238 videtur
1413 3157 1417 3168 ⁸

160 3279 191 3354 1)
218 3278 346 3338 concilia
373 3281 505 3355 gentium
533 3298 593 3337 non
617 3279 797 3339 Diocletiani
825 3290 877 3338 aut
898 3277 1087 3338 Constantini
1114 3289 1211 3340 aetate
1238 3293 1320 3355 crta,
1349 3287 1401 3346 sed
1449 3258 1453 3267 .

74 3383 134 3440 alia
155 3399 223 3440 esse
244 3381 414 3457 antiquiora
434 3379 599 3455 provincia,
620 3379 682 3437 alia
703 3380 758 3437 sub
778 3379 884 3455 primis
906 3379 1135 3455 imperatoribus
1157 3382 1321 3455 exstitisse,
1343 3385 1402 3444 alia

74 3481 253 3558 procedente
278 3489 412 3556 tempore
441 3480 472 3537 in
492 3479 671 3556 provinciis,
699 3496 776 3555 quae
798 3479 938 3555 deinceps
959 3479 1085 3556 imperio
1106 3479 1245 3541 Romano
1266 3501 1401 3545 accesse-

75 3592 145 3642 runt
166 3600 233 3641 esse
254 3581 400 3640 instituta.

159 3683 192 3760 7)
221 3682 261 3741 ad
286 3681 445 3742 concilium
470 3681 581 3741 missos
602 3698 669 3742 esse
690 3699 710 3739 a
729 3680 820 3739 certis
841 3680 1014 3757 provinciae
1035 3683 1127 3742 totius
1148 3683 1320 3743 civitatibus
1342 3704 1402 3746 non

75 3785 210 3844 flamines
232 3783 438 3860 municipales,
460 3782 515 3841 sed
534 3782 650 3859 legatos
672 3782 737 3840 sive
759 3770 908 3864 συνέδρους
928 3773 1219 3851 siveuuvoiioiaouc,
1240 3784 1401 3862 dequibus
1515 3793 1521 3803 '

74 3907 103 3945 v.
119 3884 325 3962 Waddingtou
346 3883 384 3943 ad
405 3903 435 3942 ιι.
450 3883 540 3956 1175,
562 3884 600 3943 ab
622 3883 720 3960 iisque
742 3889 874 3941 creatum
896 3900 965 3942 esse
987 3884 1173 3944 sacerdotem
1194 3886 1374 3963 provinciae.

160 3987 193 4062 3)
227 3984 418 4047 Sacerdotem
444 3985 616 4061 provinciae
642 4003 733 4043 uuum
758 3983 854 4043 fuisse
879 3984 1033 4060 crearique
1060 3984 1182 4044 solitum
1203 4004 1271 4046 esse
1293 4007 1333 4046 ex
1354 3990 1402 4060 iis,

76 4088 127 4162 qui
154 4097 207 4146 aut
232 4088 264 4145 in
292 4105 347 4146 sua
371 4085 491 4144 civitate
518 4085 656 4144 omnibus
677 4084 842 4144 honoribus
863 4084 957 4143 iuncti
978 4095 1081 4144 essent
1101 4093 1154 4145 aut
1174 4087 1212 4145 ad
1233 4099 1402 4164 equestrem

76 4188 251 4264 dignitatem
275 4187 492 4264 pervenissent.
536 4184 587 4260 (V.
615 4193 733 4260 praeter
757 4186 931 4244 testimonia
951 4202 1045 4261 supra
1066 4186 1159 4244 allata
1180 4184 1255 4245 (lod.
1276 4188 1334 4246 Th.
1353 4189 1401 4259 17,

77 4290 105 4360 1,
123 4287 160 4345 77
184 4297 213 4345 et
239 4288 391 4364 egregiam
411 4284 565 4344 Huebneri
592 4283 825 4362 disputationem
851 4285 882 4342 11
904 4303 932 4361 p.
949 4284 1034 4360 541).
1077 4285 1145 4344 Huc
1171 4287 1302 4363 pertinet
1326 4287 1402 4348 coo.

76 4386 345 4460 Tn.1t,1,148:
377 4386 444 4447 Cum
470 4402 557 4462 super
581 4386 743 4443 ordinando
770 4385 915 4444 saomdote
936 4388 1104 4460 prouincias
1119 4386 1255 4462 publicus
1276 4400 1348 4448 essm
1368 4409 1401 4448 ea

76 4507 153 4548 more
178 4497 332 4558 moeream,
358 4488 432 4546 idem
456 4495 556 4544 nostra
580 4489 748 4545 auctoritate
768 4487 907 4543 decretam
927 4493 983 4556 est,
1009 4493 1043 4542 ut
1062 4486 1104 4544 ad
1123 4485 1268 4546 subeunda
1285 4492 1403 4564 patrias

76 4607 196 4648 munau
218 4589 381 4666 diqnissimi
403 4597 430 4646 et
447 4589 555 4645 marina
577 4593 604 4644 et
617 4585 810 4659 facultatibus
831 4585 987 4662 elipantum
1010 4593 1041 4643 at
1061 4584 1150 4644 Pauli
1171 4583 1256 4647 Sent.
1278 4587 1308 4662 5,
1322 4589 1401 4648 30a:

77 4689 226 4750 Petiturus
246 4691 447 4765 maqismatum
467 4685 514 4746 osl
528 4689 695 4763 promnoiae
715 4686 904 4745 sacedotium
925 4689 951 4744 si
972 4686 1083 4745 turbam
1098 4687 1301 4763 suffraqiorum
1315 4706 1403 4748 causa

76 4790 250 4862 coudrasrit,
271 4806 366 4849 seruos
387 4788 576 4857 aduocaosrit,
597 4785 828 4862 aliamoequom
843 4785 1048 4846 multitudinem
1062 4788 1237 4859 concluserit,
1260 4792 1402 4849 conuictus

77 4903 110 4951 ut
128 4894 173 4951 ais
189 4890 324 4968 publicas
343 4892 409 4949 rsus
428 4891 462 4947 ia
480 4886 607 4947 imulare
626 4886 804 4965 deportatur.

162 4991 196 5069 4)
223 4988 395 5053 Concilium
414 4982 579 5069 qualium!
596 4984 732 5049 uttam
749 5003 817 5047 esse
831 4986 1075 5064 sacerdotemque
1087 4989 1260 5066 provinciae
1273 5007 1403 5049 annuum

78 5090 175 5153 iaicis
195 5092 257 5153 lam
277 5098 368 5155 utta
379 5088 448 5153 vul
624 5086 670 5151 tel
686 5087 797 5171 potuit,
817 5087 946 5166 primum
967 5088 1058 5167 qnod,
1079 5090 1133 5168 qai
1153 5089 1323 5152 sacerdotes
1345 5107 1403 5150 non
