3480 5804
300 431 372 500 194
532 452 535 456 ’
887 447 1032 497 uauzurv

1181 549 1405 557 .-——-—-—-—
1415 550 1466 556 -.-
1470 548 1622 554 ——m

298 621 376 679 Huic
405 621 500 691 enim,
529 622 639 698 quippe
667 638 726 696 quo
748 619 940 682 Domitianus
962 597 1058 678 XIIII
1083 626 1113 679 et
1134 618 1171 677 L.
1194 620 1343 679 Minucius
1365 619 1463 678 Rufus
1485 619 1626 678 consules

298 723 440 781 ordinarii
461 723 677 799 processerint,
700 729 768 781 ante
790 722 868 780 diem
890 741 961 780 vero
982 720 1076 781 XVII
1096 721 1127 779 k.
1150 721 1246 780 Maias
1269 720 1294 778 L
1301 761 1429 780 .........
1452 731 1483 780 et
1503 721 1624 780 Plotius

298 822 423 900 Grypus
445 824 543 883 fasces
558 825 707 901 gesserint
728 823 799 898 (act.
816 825 888 882 Arv.
911 844 938 882 a.
955 823 1020 899 87),
1043 841 1139 898 neque
1153 823 1385 898 quadrimestria
1399 842 1454 881 nec
1469 824 1626 882 semestris

298 925 430 984 nundina
451 934 522 1002 apta
544 934 627 996 sunt;
649 925 813 984 trimestria
834 933 931 984 autem
953 944 1020 983 cum
1041 925 1097 983 hac
1119 935 1199 984 certe
1213 932 1310 984 aetate
1324 925 1409 982 nulla
1423 924 1541 996 fuerint,
1563 943 1624 983 non

297 1034 411 1086 restant
431 1026 489 1085 nisi
504 1027 660 1087 bimestria
674 1028 747 1086 sola.
786 1026 833 1085 De
855 1045 934 1086 anno
950 1027 987 1085 87
1011 1027 1109 1086 minus
1124 1035 1251 1084 constat.
1287 1025 1334 1084 Eo
1349 1045 1428 1084 anno
1444 1044 1509 1084 cum
1525 1025 1624 1085 fasces

298 1129 465 1188 ordinarios
476 1128 670 1188 Domitianus
680 1129 759 1187 XIII
775 1148 840 1188 cum
853 1127 890 1185 L.
899 1127 1025 1186 Volusio
1038 1125 1199 1188 Saturnino
1211 1127 1402 1203 suscepisset,
1417 1128 1495 1186 iuter
1506 1128 1570 1186 dies
1578 1127 1625 1186 VI

297 1230 364 1289 idus
377 1230 535 1288 Ianuarius
557 1239 587 1288 et
605 1230 652 1289 XI
667 1230 811 1289 kalendas
826 1229 1007 1288 Februarias
1027 1230 1200 1304 Imperatori
1222 1229 1363 1288 suffectus
1380 1239 1428 1288 est
1442 1229 1625 1305 Calpurnius

297 1331 418 1408 quidam
432 1339 588 1409 praeterea
601 1332 736 1409 Ignotus3
759 1331 866 1391 deinde
881 1350 907 1389 a.
925 1332 953 1389 d.
968 1331 1065 1390 XIIII
1079 1330 1225 1390 kalendas
1239 1331 1343 1390 Iunias
1363 1329 1398 1390 O.
1414 1331 1547 1391 Bellicus
1561 1331 1626 1391 Na·

297 1433 366 1492 talis
380 1433 572 1492 Tebanianus
595 1442 625 1492 et
646 1432 680 1492 0.
703 1433 857 1491 Ducenius
879 1432 1026 1492 Proculus
1048 1432 1188 1492 consules
1209 1432 1409 1503 nominantur,
1431 1450 1533 1490 mense
1550 1431 1625 1509 Sep·

297 1535 404 1593 tembri
423 1535 548 1595 Priscus
571 1534 691 1611 quidam
714 1553 781 1593 eum
803 1535 920 1612 collega
939 1533 1052 1610 Ignoto.
1087 1534 1136 1593 De
1157 1534 1214 1593 hoc
1236 1535 1326 1611 igitur
1347 1551 1426 1592 anno
1448 1534 1523 1593 nihil
1544 1535 1625 1593 aliud

297 1636 445 1695 affirmare
468 1637 538 1696 licet
559 1636 617 1694 nisi
640 1636 814 1694 consulatus
828 1637 892 1694 eius
907 1644 1067 1695 semestres
1083 1654 1142 1694 non
1157 1636 1261 1695 fuisse.
1299 1636 1334 1694 In
1350 1644 1511 1713 quaternos
1526 1646 1625 1695 autem

297 1756 416 1796 menses
442 1738 617 1814 plerumque
644 1757 663 1795 a
687 1737 862 1796 Domitiano
889 1738 1063 1795 consulatus
1091 1736 1177 1794 datos
1204 1755 1271 1796 esse
1300 1746 1494 1795 monumenta
1519 1738 1625 1796 confir-

297 1848 379 1898 mant
400 1840 437 1897 ad
460 1857 554 1897 annos
572 1837 621 1898 89.
643 1840 692 1898 91.
712 1838 751 1897 99
773 1838 962 1914 pertinentia.
1006 1838 1096 1896 Anno
1111 1838 1149 1896 89
1173 1838 1316 1897 ordinarii
1338 1838 1477 1897 consules
1500 1838 1537 1896 T.
1560 1842 1625 1896 Au-

296 1940 388 1999 relius
410 1939 526 1997 Fulvus
548 1949 578 1997 et
599 1941 756 1998 AtratInus
776 1939 879 1998 neseio
900 1939 967 2014 quis
989 1956 1181 2014 permenses
1207 1938 1396 2009 Ianuarium,
1418 1939 1625 2010 Februarium,

296 2041 451 2109 Martium,
474 2040 609 2115 Aprilem
632 2041 808 2117 magistratu
829 2039 924 2098 functi
945 2047 1028 2098 snut:
1056 2041 1086 2097 in
1108 2039 1183 2097 actis
1205 2041 1285 2098 enim
1307 2039 1464 2098 Arvalium
1487 2059 1541 2117 per
1561 2060 1624 2099 om-

297 2160 351 2200 nes
384 2142 440 2200 hos
467 2157 586 2199 menses
614 2140 744 2198 formula
770 2158 847 2215 quae
875 2148 922 2198 est
951 2142 1041 2199 isdem
1065 2141 1225 2200 consulibus
1254 2141 1475 2216 praescribitur.
1530 2142 1568 2200 Α.
1595 2141 1623 2198 d.

297 2242 403 2299 deinde
424 2241 522 2300 XIIII
543 2241 688 2300 kalendas
703 2241 805 2299 Iunias
827 2240 1002 2300 Peducaeus
1019 2239 1185 2302 Saenianus
1208 2260 1273 2299 cum
1297 2241 1422 2320 collega,
1445 2252 1477 2299 ut
1498 2242 1625 2313 videtur,

298 2341 442 2404 Sallustio
468 2343 580 2401 Blaeso
607 2342 762 2401 consulatu
791 2341 938 2419 fungitur:
967 2342 1125 2400 Atratinus
1150 2341 1241 2418 Igitur
1267 2352 1297 2400 et
1324 2342 1442 2400 Fulvus
1471 2345 1543 2419 quin
1572 2363 1625 2419 per

297 2455 438 2520 quattuor
459 2461 577 2503 menses
599 2444 697 2502 fasces
719 2442 868 2518 gesserint
887 2442 1018 2502 dubitari
1039 2442 1151 2518 nequit.
1194 2444 1284 2500 Anno
1305 2461 1396 2518 porro
1418 2445 1455 2503 91
1485 2463 1544 2502 non
1571 2445 1624 2504 mi·

297 2564 354 2604 nus
375 2553 515 2620 quattuor
536 2561 654 2603 menses
676 2544 717 2602 M.
738 2542 864 2620 Ulpium
885 2543 1050 2602 Traianum
1077 2551 1107 2602 et
1128 2543 1178 2602 Μ.’
1201 2543 1331 2602 Acilium
1356 2542 1549 2604 Glabrionem
1571 2547 1624 2604 ho·

298 2665 370 2704 nore
393 2664 462 2705 usos
484 2663 550 2705 esse
572 2645 641 2704 inde
663 2644 822 2721 coIIIgitur,
844 2645 926 2721 qnod
947 2645 1022 2703 actis
1045 2644 1202 2703 Arvalium
1224 2645 1295 2703 anni
1310 2644 1350 2703 90
1372 2645 1556 2722 adscriptum
1578 2657 1625 2705 est

298 2747 422 2805 Traiani
444 2765 552 2805 nomen
574 2747 698 2821 diesque
718 2745 765 2804 Ill
786 2745 931 2804 kalendas
952 2747 1060 2805 Maias.
1103 2744 1242 2821 Denique
1263 2747 1333 2804 anni
1349 2745 1389 2805 99
1412 2747 1622 2806 documentum

298 2857 436 2925 superest
457 2847 494 2904 ad
517 2847 719 2922 quaestionem
743 2845 780 2903 de
802 2846 1011 2904 consulatuum
1034 2846 1090 2906 sub
1112 2845 1287 2905 Domitiano
1308 2853 1442 2923 tempore
1464 2848 1624 2908 diiudican-

298 2949 365 3007 dam
391 2949 478 3025 longe
504 2947 732 3024 gravissimum,
759 2947 904 3005 iustorum
927 2946 993 3005 dico
1016 2947 1200 3006 Ostiensium
1224 2947 1384 3006 frustulum
1410 2947 1478 3023 (Or.
1499 2949 1624 3009 Henzen

298 3048 404 3122 6446),
426 3048 588 3106 secundum
609 3065 686 3123 quos
709 3048 846 3106 kalendis
861 3047 1011 3106 Ianuariis
1025 3048 1156 3107 Inierunt
1168 3047 1363 3108 DomiIIanus
1378 3049 1455 3108 XVI
1469 3059 1499 3108 et
1514 3048 1551 3123 Q.
1564 3050 1623 3108 Vo-

296 3149 393 3208 lusius
419 3147 613 3219 Saturninus,
638 3165 764 3223 quorum
791 3148 840 3206 ille
866 3147 963 3207 idibus
989 3149 1137 3207 Ianuariis
1162 3148 1197 3206 L.
1214 3147 1394 3208 Venuleium
1415 3151 1624 3228 Apronianum

298 3251 356 3310 sibi
378 3251 560 3326 surrogavit:
583 3249 677 3308 secuti
700 3257 770 3307 sunt
790 3248 928 3307 kalendis
950 3248 1039 3307 Maiis
1061 3248 1097 3307 1..
1114 3246 1272 3309 Stertinius
1289 3250 1397 3310 Avitus
1419 3261 1448 3310 et
1462 3250 1510 3310 Ti.
1527 3252 1623 3311 Iulius

297 3352 375 3410 Polo
401 3352 532 3410 Metinus
561 3351 612 3425 (os.
641 3350 701 3408 tab.
729 3350 799 3407 lron.
828 3351 911 3408 miss.
942 3350 1000 3408 vol.
1019 3348 1084 3420 III,
1104 3349 1200 3426 XV),
1229 3350 1368 3410 kalendis
1398 3351 1622 3429 Septembribus

298 3452 333 3511 C.
357 3453 452 3512 Iulius
475 3449 596 3510 Silanus
623 3460 654 3510 et
675 3449 713 3523 Q.
736 3451 918 3509 Articuleius
941 3449 1061 3509 Paetus.
1106 3449 1169 3511 Sub
1197 3452 1323 3528 imperio
1344 3453 1436 3528 igitur
1457 3453 1622 3513 Domitiani

296 3555 469 3614 consulatus
498 3553 670 3630 plerumque
699 3552 820 3628 quidem
848 3550 1083 3628 quadrimestres
1112 3552 1248 3623 fuerunt,
1278 3552 1426 3613 interdum
1455 3555 1623 3628 bimestres,

297 3657 334 3714 de
355 3657 453 3729 iisque
475 3654 602 3729 optime,
629 3662 663 3711 ut
684 3653 815 3724 solebat,
841 3652 983 3711 iudicarit
1004 3651 1199 3728 Borghesius.
1242 3653 1308 3714 Nec
1328 3655 1426 3714 minus
1446 3665 1526 3714 recte
1547 3655 1623 3714 Ner·
1649 3674 1653 3682 ·

298 3775 352 3815 vae
365 3755 550 3829 Traianique
571 3761 668 3812 aetate
689 3753 813 3811 eandem
835 3754 896 3812 sere
918 3754 1064 3812 rationem
1086 3754 1274 3814 observatam
1295 3771 1362 3814 esse
1384 3755 1497 3826 statuit,
1520 3773 1622 3830 quam·

297 3873 386 3930 quam
408 3855 541 3932 regulam
563 3854 647 3912 illam
669 3871 881 3930 nonuunquam
903 3855 1066 3931 neglectam
1089 3872 1158 3914 esse
1179 3871 1252 3913 mox
1273 3852 1450 3912 videbimus.

380 3956 429 4014 De
449 3955 497 4026 iis,
518 3955 570 4030 qui
592 3955 646 4013 sub
669 3953 771 4013 Nerva
792 3964 823 4014 et
843 3955 976 4014 Traiano
998 3955 1185 4014 consulatum
1206 3962 1371 4031 gesserunt,
1397 3960 1467 4029 post
1486 3952 1622 4033 Borghe-

298 4059 375 4117 sium
404 4057 453 4131 (in
474 4055 561 4114 fastIs
583 4054 718 4130 ineditis)
744 4075 839 4132 nuper
860 4056 1064 4116 Mommsenus
1090 4057 1120 4114 in
1142 4055 1274 4117 Hermae
1294 4054 1353 4113 vol.
1367 4054 1417 4114 Ill
1439 4076 1468 4133 p.
1487 4055 1545 4115 136
1557 4072 1621 4132 seq.

298 4160 340 4218 ita
360 4159 431 4234 egit,
453 4166 485 4217 ιιι
506 4174 601 4232 pauca
621 4165 737 4215 tantum
758 4156 935 4233 corrIgenda
955 4158 1016 4216 sint
1036 4157 1236 4217 monumentis
1258 4175 1354 4235 nuper
1375 4156 1501 4216 detectis
1516 4167 1624 4233 postea

296 4260 455 4318 illustrata.
498 4256 542 4317 Ut
567 4258 743 4317 consulatus
772 4259 848 4316 alter
870 4256 941 4320 Sex.
968 4258 1039 4317 Iulii
1061 4259 1199 4318 Frontini
1225 4277 1265 4318 ex
1291 4275 1370 4317 anno
1386 4258 1424 4317 97
1448 4257 1487 4316 ad
1513 4277 1622 4317 anuum

297 4359 518 4420 transferendus
540 4369 587 4418 est
608 4359 661 4430 98,
684 4377 744 4436 quo
766 4359 910 4418 suffectus
932 4357 1052 4419 Nervae
1072 4360 1212 4419 defuncto
1235 4378 1295 4418 una
1316 4379 1383 4418 cum
1405 4359 1536 4418 Traiano
1559 4361 1623 4418 Au·

297 4472 386 4540 gusto
407 4461 504 4521 fasces
525 4461 621 4538 gessit
641 4459 692 4534 (cI.
715 4460 797 4518 Ball.
817 4461 884 4519 dall'
898 4465 963 4519 inst.
982 4462 1061 4521 arel.
1080 4461 1155 4520 1871
1180 4480 1210 4538 p.
1228 4461 1302 4530 1453
1324 4460 1382 4519 vol.
1399 4460 1448 4518 III
1469 4461 1529 4519 tab.
1552 4462 1621 4519 hon.

297 4564 381 4621 miss.
404 4581 432 4619 n.
448 4561 552 4636 XIX),
574 4561 702 4638 expulso
724 4579 764 4620 ex
783 4578 820 4620 eo
841 4562 908 4620 loco
932 4559 1039 4620 Flavio
1059 4560 1185 4633 Libone,
1207 4579 1296 4639 quem
1316 4561 1397 4621 infra
1416 4582 1445 4639 p.
1464 4560 1522 4620 196
1545 4580 1572 4620 u.
1592 4561 1623 4635 1)

298 4663 466 4722 videbimus
493 4662 530 4720 ad
553 4662 646 4721 alium
667 4681 777 4720 annum
799 4663 955 4738 pertinere.
999 4663 1075 4721 Item
1105 4679 1183 4720 auno
1201 4661 1257 4720 101
1286 4680 1347 4720 una
1371 4679 1438 4721 cum
1458 4659 1623 4719 Articuleio

298 4762 393 4822 Paeto
415 4762 603 4823 consulatum
624 4762 850 4822 administrasse
867 4760 938 4823 Sex.
954 4762 1070 4823 Attium
1085 4760 1274 4825 Suburanum
1295 4770 1365 4822 acta
1377 4760 1535 4820 Arvalium
1556 4760 1622 4819 eius

298 4865 369 4922 anni
394 4864 563 4923 ostendunt.
613 4864 703 4922 Auno
730 4870 829 4923 autem
853 4863 910 4922 107
937 4863 1042 4923 tabula
1067 4865 1211 4925 honestae
1237 4861 1392 4922 missionis
1411 4860 1622 4919 weissenbur-

297 4964 400 5039 gensis
422 4965 561 5024 consules
583 4963 617 5025 0.
639 4963 795 5024 Miuicium
816 4963 994 5024 Fundanum
1016 4972 1046 5024 et
1067 4963 1101 5026 Ο.
1116 4964 1309 5025 Vettsnnium
1330 4960 1440 5020 Rufum
1461 4959 1623 5020 vindicavit

299 5061 349 5134 (cl.
373 5062 434 5134 llI,
452 5064 570 5135 XXIV3
597 5065 701 5127 ChrIst
720 5064 907 5143 Militdrde'pl.
930 5085 985 5125 ooa
1004 5066 1201 5144 Wa'seendarp
1218 5061 1326 5139 1868),
1349 5061 1398 5139 qui
1421 5069 1520 5121 utrum
1542 5079 1620 5120 anno
