3480 5804
587 488 637 538 nn
657 487 801 539 nmvrxs
820 485 976 538 sunere.
1370 467 1442 540 243

122 661 237 719 viratus
263 659 422 717 monetalis
455 656 632 733 significatio
657 656 746 715 facile
778 657 963 732 agnoscitur,
997 658 1050 716 sed
1082 660 1113 716 in
1139 659 1265 735 singulis
1292 661 1445 721 vocabulis

122 759 317 820 restituendis
339 759 440 834 aliqua
461 758 621 816 difficultas
650 764 710 827 est,
736 758 910 833 praesertim
938 777 1004 816 cnm
1030 759 1110 817 tituli
1131 761 1182 817 alii
1205 759 1315 821 Graeci
1336 762 1368 820 in
1388 764 1445 822 hac

121 880 155 920 re
182 861 231 920 vel
256 862 387 919 maxime
413 860 543 930 varient,
574 857 750 917 Latinorum
775 866 873 916 autem
902 860 1097 934 plurimorum
1124 869 1246 937 propter
1270 863 1447 939 compendia

123 961 290 1038 scripturae
311 979 340 1018 Α.
355 979 384 1018 Α.
400 978 430 1018 Α.
444 976 469 1018 s.
485 976 510 1017 s.
532 960 594 1018 iere
616 967 787 1018 constanter
808 959 942 1017 adhibita
962 960 1061 1018 nullus
1083 978 1156 1020 usus
1178 963 1227 1022 sit.
1269 963 1306 1022 Id
1326 965 1446 1041 quidem

123 1062 252 1122 dubitari
273 1080 333 1120 non
348 1069 448 1138 potest
462 1061 552 1136 spatii
572 1061 738 1119 rationibus
759 1060 916 1136 diligenter
929 1062 1095 1136 perpensis,
1117 1063 1189 1138 quin
1203 1067 1321 1146 χρυσοῦ
1341 1067 1446 1126 ultimo

122 1163 189 1222 loeo
211 1182 249 1222 ex
271 1163 368 1220 tribus
389 1163 579 1221 metallorum
600 1161 755 1220 vocabulis
772 1160 903 1235 positum
924 1162 1022 1220 fuerit.
1056 1164 1157 1239 Atque
1178 1166 1299 1224 omnino
1322 1174 1447 1244 uterque

123 1263 197 1322 crdo
218 1264 250 1320 in
271 1280 329 1320 usu
350 1263 445 1322 fuisse
467 1263 594 1332 videtur,
616 1263 658 1320 ita
679 1271 712 1319 ut
733 1270 785 1319 aut
805 1281 825 1319 a
844 1261 994 1321 vilissimo
1015 1264 1053 1321 ad
1074 1265 1324 1340 pretiosissimum
1346 1287 1447 1328 escen·

123 1364 251 1435 deretur,
267 1373 318 1422 aut
331 1362 396 1421 vice
410 1381 498 1421 verse
511 1363 549 1420 ab
564 1363 620 1420 hoc
634 1363 673 1420 ad
686 1361 761 1419 illud
776 1363 1013 1422 descenderetur.
1036 1363 1148 1423 Contra
1162 1386 1223 1426 non
1236 1375 1310 1444 puto
1324 1370 1448 1430 licuisse

124 1482 173 1522 ace
195 1471 248 1521 ant
268 1482 370 1522 aurum
391 1463 488 1522 medio
508 1464 576 1522 loco
598 1462 754 1539 ponere1).
787 1465 889 1538 Atque
908 1465 987 1522 idem
1001 1466 1121 1540 quidem
1136 1468 1220 1538 ordo,
1242 1487 1331 1544 quem
1345 1480 1449 1530 nostra

123 1565 280 1640 inscriptio
295 1565 393 1637 habet,
416 1573 462 1623 est
481 1564 512 1622 in
533 1563 619 1622 titulo
634 1562 736 1624 Samio
755 1565 835 1638 apud
848 1564 1103 1641 Waddingtonum
1117 1566 1221 1628 Factae
1237 1571 1286 1628 des
1295 1575 1448 1647 provinces

123 1664 290 1741 Asiatiquec
316 1667 351 1724 dc
372 1664 498 1741 l’cmpirc
518 1666 642 1723 Romula
667 1682 697 1739 p.
719 1665 776 1723 195
802 1666 882 1746 τριῶν
903 1660 1011 1747 ἀνδρῶν
1032 1669 1153 1742 qumod
1177 1659 1302 1752 ἀργύρου
1330 1675 1449 1755 χρυσοῦ

124 1757 413 1848 χαρακτηριάεαντος
433 1775 464 1824 et
489 1765 570 1842 apud
592 1764 766 1824 Ciceronem
788 1765 825 1823 de
845 1765 902 1840 leg.
926 1765 955 1837 3,
978 1767 1007 1839 3,
1030 1768 1047 1824 7
1076 1785 1124 1825 aes
1146 1781 1294 1845 arpentum
1314 1791 1449 1832 curramus

119 1867 233 1942 publice
253 1869 386 1941 alquanto
408 1873 438 1924 et
457 1866 655 1939 Pomponium
679 1864 749 1940 Dig.
775 1866 802 1936 l,
825 1864 854 1936 2,
877 1864 906 1935 2,
929 1866 977 1923 30.
1020 1866 1167 1927 Inversus
1189 1869 1263 1929 ordo
1286 1880 1331 1931 est
1351 1873 1384 1931 in
1403 1874 1450 1933 in·

124 1967 286 2043 scriptione
306 1967 408 2025 Attica
427 1966 464 2024 L.
481 1963 587 2036 Silani,
608 1964 645 2023 de
666 1983 728 2041 qua
743 1965 948 2024 Mommsenus
970 1969 1111 2043 exposuit
1131 1987 1224 2045 supra
1243 1991 1272 2048 p.
1290 1971 1343 2030 63:
1370 1976 1450 2056 τριῶν

124 2061 256 2148 [ἀνδρῶν]
277 2066 484 2142 κατατκῘευ]ἧς
504 2067 649 2146 χρ[υ]τοῦ
668 2056 716 2122 καὶ
737 2056 862 2148 dp‘pc'pcv
886 2054 946 2141 [καῖ
960 2061 1116 2143 χαλ[κ]οῦ,
1136 2078 1166 2128 et
1179 2072 1211 2128 in
1224 2072 1320 2132 titulis
1331 2072 1450 2134 Latinis

124 2167 204 2245 apud
228 2166 472 2227 Orelli-Henren
500 2165 590 2225 6502.
610 2160 736 2240 69152).
783 2163 896 2224 Contra
917 2166 990 2225 ordo
1012 2188 1031 2226 a
1048 2167 1193 2229 Cicerone
1213 2174 1390 2232 observatus
1412 2175 1451 2233 ad

123 2269 194 2326 fam.
219 2268 248 2340 7,
272 2267 310 2326 18
332 2286 404 2327 curo
427 2287 492 2327 aere
512 2276 629 2343 carpento
655 2267 766 2324 nullius
787 2266 866 2324 tituli
887 2267 1057 2325 testimonio
1077 2270 1222 2342 firmatur,
1249 2279 1284 2330 ut
1310 2282 1362 2330 aut
1382 2291 1450 2333 oum

124 2369 310 2428 Mommseno
337 2369 386 2426 hic
409 2368 494 2427 locus
522 2387 561 2426 ex
586 2367 639 2425 illo
664 2368 716 2442 qui
743 2375 790 2425 est
810 2367 842 2440 in
861 2367 949 2426 libris
971 2368 1008 2427 de
1032 2368 1149 2444 legibus
1169 2372 1378 2432 'emendandus
1400 2384 1453 2435 eut

124 2470 313 2546 neglegentia
344 2469 492 2528 sermonis
525 2468 721 2544 epistolarum
753 2468 926 2526 excusanda
960 2469 1008 2527 sit.
1061 2470 1227 2529 Difficilius
1263 2483 1363 2534 autem
1395 2477 1453 2535 erit

124 2570 299 2643 diiudicatu,
325 2570 396 2646 quid
420 2577 490 2646 post
505 2562 632 2652 ’χρυσοῦ
656 2569 800 2646 scriptum
826 2568 929 2638 fuerit3
955 2575 1045 2643 atque
1071 2570 1142 2628 alibi
1169 2572 1287 2647 quidem
1312 2574 1344 2632 id
1369 2576 1452 2651 qnod

126 2681 173 2730 est
196 2671 304 2730 Latine
323 2671 424 2744 flando
443 2671 594 2746 scriundc,
626 2668 742 2729 Graece
767 2688 824 2727 urso
851 2668 996 2727 vocabulo
1022 2671 1212 2746 exprimitur,
1240 2681 1272 2731 ut
1298 2675 1330 2732 in
1355 2673 1453 2735 Silani

125 2773 214 2831 titulo
235 2773 338 2830 Attico
360 2771 549 2830 substantivo
570 2769 765 2840 κατασκευῆς,
795 2768 826 2826 in
847 2767 949 2829 Samio
974 2771 1133 2847 participio
1154 2764 1452 2856 χαρακτηρεᾶταντος,

126 2873 255 2950 permiro
276 2889 349 2930 sane
371 2880 400 2930 et
426 2872 547 2929 omnino
573 2870 704 2929 soloeco.
749 2867 839 2942 Quod
865 2888 955 2945 quum
981 2887 1056 2928 usus
1084 2889 1271 2930 nummorum
1285 2876 1453 2949 sinodorum

126 2973 299 3032 iamdudum
321 2973 451 3031 abolitus
474 2981 569 3043 esset,
598 2970 765 3029 mirandum
790 2988 850 3026 non
877 2979 933 3029 est.
983 2969 1099 3029 Tamen
1123 2972 1155 3030 in
1179 2981 1284 3031 nostro
1310 2975 1395 3033 titulo
1421 2977 1453 3035 id

126 3075 221 3134 fuisse
241 3092 301 3133 non
322 3082 431 3150 potest,
452 3091 544 3148 quum
564 3078 642 3129 inter
665 3073 809 3128 ΕΥΣΕΩξ
831 3079 862 3129 et
883 3070 1132 3146 Χ[Ε]ΙΛΙΑΡΧοΝ
1155 3073 1257 3132 decem
1279 3082 1330 3134 aut
1350 3076 1452 3152 plures

127 3175 230 3233 literas
256 3175 384 3250 periisse
410 3173 517 3231 ceteris
544 3172 680 3231 versibus
707 3171 886 3247 comparatis
912 3179 1025 3245 pateat3
1052 3189 1128 3247 quas
1155 3173 1259 3233 literas
1286 3175 1324 3233 ad
1349 3176 1453 3235 trium·

126 3275 242 3333 viratus
256 3273 413 3330 monetalis
429 3272 675 3349 significationem
690 3272 781 3329 etiam
796 3270 976 3345 pertinuisse
989 3278 1080 3345 patet.
1111 3272 1218 3347 ltaque
1232 3275 1290 3332 duo
1305 3276 1455 3335 voeabula

129 3375 243 3450 scripta
263 3373 358 3430 fuisse
379 3372 442 3430 veri
465 3371 650 3428 simillimum
671 3379 727 3441 est,
752 3387 878 3444 quorum
899 3369 984 3443 prius
1010 3370 1041 3426 in
1063 3360 1182 3431 -rdreue
1203 3373 1307 3432 exiret.
1350 3377 1454 3452 Atque

127 3495 164 3534 ea
184 3473 302 3551 quidem
318 3472 391 3548 quin
412 3480 442 3529 et
456 3471 672 3549 significatione
690 3477 721 3527 et
739 3467 842 3526 ordine
857 3468 1066 3543 responderint
1080 3469 1196 3529 Latinis
1204 3474 1307 3547 stando
1314 3475 1453 3547 scriucdc

128 3595 164 3635 eo
186 3576 284 3634 minus
305 3573 418 3645 dubito,
439 3573 510 3648 quia
528 3571 642 3629 frustra
661 3569 845 3646 quaesiveris
865 3569 987 3627 verbum
1004 3568 1152 3629 Graecum
1173 3572 1205 3662 in
1226 3565 1292 3628 -εύω
1314 3574 1363 3633 vel
1385 3575 1453 3634 sub-

27 3677 28 3681 ’
128 3677 289 3736 stantivum
310 3675 341 3732 in
362 3695 466 3746 -ευσις,
493 3671 573 3749 quod
594 3670 705 3730 Latino
719 3672 813 3744 scrire
832 3669 1026 3748 respondeat,
1054 3689 1121 3728 curn
1141 3670 1173 3729 in
1186 3674 1284 3748 flendi
1304 3674 1454 3752 signifiea-

128 3779 209 3852 tlone
236 3777 379 3836 usitatum
407 3775 448 3833 sit
473 3762 655 3850 ruqqqcnruu'w
683 3771 731 3830 vel
756 3760 964 3848 καταχωνεῦω.
1017 3770 1130 3830 Verum
1159 3772 1280 3848 quidem
1306 3783 1366 3848 est,
1394 3775 1454 3836 hoc

128 3896 189 3938 non
214 3884 353 3936 accurate
380 3874 561 3953 respondere
590 3873 755 3932 sententias
781 3871 917 3931 vocabuli
937 3871 1051 3943 Latini,
1077 3890 1145 3929 nam
1172 3872 1203 3930 in
1231 3855 1454 3937 triumvirorum

128 3977 322 4037 monetalium
344 3977 559 4054 significatione
585 3973 765 4032 vocabulum
782 3973 880 4048 flandi
905 3972 945 4030 cd
969 3973 1100 4048 priscum
1126 3956 1241 4032 morem
1265 3992 1455 4035 nummorum

128 4077 369 4136 fabricandorum
395 4076 500 4136 referri
525 4076 590 4134 sine
611 4075 701 4132 dubio
722 4081 802 4132 recte
823 4073 1028 4133 Mommsenus
1049 4075 1069 4131 l.
1084 4074 1106 4131 l.
1122 4073 1208 4131 dixit.
1240 4075 1284 4132 At
1304 4073 1454 4135 Graecum

129 4168 330 4254 συγχωνεύειν
354 4178 404 4235 vel
429 4165 645 4252 καταχωνεύειν
674 4192 734 4232 non
760 4182 822 4231 tam
851 4173 950 4232 flando
975 4173 1094 4231 efficere
1112 4191 1266 4232 nummum
1288 4183 1341 4232 aut
1361 4176 1455 4234 artili-

130 4278 208 4336 cium
230 4277 363 4353 aliquod,
385 4292 474 4352 quam
495 4295 512 4334 e
534 4274 684 4333 contrario
707 4274 846 4346 conflare,
868 4273 889 4331 i.
904 4292 930 4332 e.
951 4273 1051 4332 flando
1073 4274 1173 4331 delere
1194 4273 1350 4351 significat.
1394 4273 1456 4336 Sed

129 4378 291 4436 tenendum
316 4383 378 4450 est,
404 4377 500 4454 ipsius
525 4377 570 4434 rei
597 4391 685 4434 nsum
710 4374 914 4451 compluribus
940 4373 1070 4433 saeculis
1091 4382 1181 4433 antee
1200 4374 1281 4450 apud
1300 4374 1456 4435 Romanos

208 4718 232 4781 ¹)
257 4720 298 4772 Ne
321 4733 370 4770 nos
393 4718 498 4784 quidem
523 4718 545 4768 si
570 4724 688 4770 accurate
706 4723 732 4767 et
754 4716 890 4782 diligenter
908 4715 993 4767 dicere
1016 4715 1132 4767 volemus
1155 4714 1206 4767 hcc
1229 4714 1320 4767 ordine
1337 4721 1455 4770 utemcrr

133 4810 220 4875 cota,
239 4809 350 4878 Καρίαν-
368 4809 422 4861 und
438 4807 615 4860 Silbernninre.

207 4900 232 4964 ²)
260 4904 360 4952 Horum
389 4903 569 4966 exemplorum
593 4901 687 4951 Latina
712 4897 818 4948 exhibet
841 4893 1019 4950 Mommsenus
1041 4898 1109 4948 Hist.
1132 4897 1172 4947 rei
1194 4897 1355 4949 nummariae
1376 4896 1454 4950 Rom.

131 5008 158 5059 p.
177 4993 231 5044 366
249 5001 303 5044 not.
323 4996 349 5056 2,
369 4994 474 5046 Graece
490 4992 589 5053 addidi,
612 5005 645 5041 es
662 4990 823 5055 potissimum
841 4989 874 5039 dc
893 5003 972 5041 censs
987 4996 1017 5039 nt
1034 4989 1221 5055 perspiceretur
1237 4989 1266 5040 in
1283 4985 1333 5040 buc
1351 4988 1454 5056 quidem

132 5097 160 5133 re
178 5099 253 5135 usum
272 5085 431 5139 Graecorum
449 5085 526 5150 plene
544 5083 688 5136 consentire
706 5097 764 5132 cum
782 5081 886 5132 Latino.
1070 5095 1072 5098 ⁴
