3480 5804
672 493 780 544 rasni
798 494 888 544 nutu
907 494 1059 544 ruamur.
1480 476 1526 549 39

202 679 232 720 vr
255 677 395 720 x·ocr.
418 659 513 738 (Sept.
531 661 594 737 26).
918 732 919 736 Ἰ

253 759 403 857 [Veneti
429 760 622 856 genetri]ci
647 761 685 833 in
712 761 794 834 foro
822 758 1033 858 [Caesaris].

305 880 472 939 Dissidium
496 882 576 957 quod
597 881 655 939 tuit
675 882 751 939 inter
772 881 866 939 fastos
882 882 1056 952 Pincianos,
1078 883 1128 957 qui
1151 900 1268 941 sacrum
1282 885 1339 942 hoc
1354 884 1529 945 adscribunt

306 980 344 1037 ad
367 979 449 1057 Sept.
466 979 521 1051 26,
547 989 578 1039 et
596 981 770 1052 Vallenses,
796 981 847 1057 qui
872 982 1005 1040 referunt
1030 983 1067 1041 ad
1094 983 1171 1043 diem
1198 986 1439 1060 praecedentem,
1467 986 1527 1044 iam

306 1081 449 1138 dirimunt
471 1082 628 1140 Arvalium
635 1102 643 1152 3
666 1090 842 1141 erraverunt
863 1083 979 1140 scilicet
998 1083 1031 1141 hi
1052 1083 1196 1142 horumve
1218 1085 1429 1161 descriptores.

202 1195 344 1239 socr·
368 1180 451 1255 (Oct.
471 1181 513 1256 l).
1462 1184 1466 1192 ⁴

252 1276 336 1351 Fidi
361 1278 398 1351 in
427 1276 621 1378 Capitolio

305 1399 376 1456 Fidi
401 1418 462 1458 non
487 1402 585 1458 minus
611 1410 691 1459 recte
712 1401 769 1460 dici
792 1420 882 1476 quam
897 1404 970 1477 fidei
990 1403 1078 1479 periti
1100 1422 1161 1462 uon
1181 1403 1335 1480 ignorant3
1361 1404 1430 1462 vide
1451 1422 1529 1479 quae

307 1499 447 1558 adnotavi
469 1501 507 1557 ad
529 1499 678 1570 11,5042.

203 1613 310 1656 sonem
331 1615 390 1658 nra.

254 1696 386 1794 Tigillo
414 1698 590 1794 soror(io)
618 1701 666 1772 ad
692 1700 894 1798 compitum
921 1701 1026 1774 Acili.

309 1817 424 1879 Similis
449 1829 521 1877 nota
548 1820 741 1895 hemerologii
763 1819 912 1880 Ostiensis
938 1823 977 1879 ad
1001 1823 1128 1880 eundern
1150 1822 1228 1880 diem
1250 1837 1349 1880 motta
1365 1850 1372 1866 ·
1388 1837 1450 1880 son
1471 1841 1530 1880 non

305 1936 397 1976 ausus
426 1937 491 1976 sum
518 1920 639 1996 explere
664 1940 718 1996 per
740 1940 844 1978 casum
866 1922 1001 1991 tertium,
1028 1922 1088 1989 iam
1109 1941 1181 1979 vero
1203 1923 1274 1979 fasti
1296 1922 1423 1980 Arvales
1446 1923 1531 1981 dubi·

305 2009 447 2076 tationem
480 2030 654 2078 exemerunt
680 2021 931 2097 ostenderuntque
958 2033 1054 2080 aetate
1081 2031 1160 2080 certe
1186 2023 1351 2098 posteriore
1378 2032 1530 2097 tamquam

306 2118 365 2193 ipsi
392 2119 489 2194 tigillo
517 2139 632 2178 sacrum
657 2121 788 2179 oblatum
815 2108 899 2181 esse.¹
943 2120 1114 2199 Compitum
1141 2122 1220 2180 Acili
1247 2123 1418 2181 nominatur
1446 2140 1531 2199 prae·

306 2225 389 2275 terea
410 2220 489 2293 apud
510 2240 600 2277 unum
612 2221 744 2278 Plinium
767 2222 809 2296 (n.
833 2242 861 2279 n.
885 2221 934 2293 29,
954 2223 980 2291 l,
999 2221 1051 2278 12:
1078 2221 1198 2280 Cassius
1212 2223 1337 2281 Hemina
1359 2263 1386 2278 ..
1400 2263 1408 2280 .
1431 2231 1532 2281 anemr

305 2329 346 2376 est
362 2323 488 2393 primum
510 2339 524 2377 e
545 2322 662 2378 medicis
682 2324 789 2379 venisse
803 2323 923 2378 Romam
937 2321 1131 2396 Peloponneso
1148 2322 1363 2398 Aretoyatltum
1457 2340 1531 2379 enno

305 2416 383 2477 urbia
396 2416 527 2476 DXXX
534 2421 562 2478 V
576 2424 656 2495 eique
754 2421 902 2478 tabernam
921 2425 951 2479 in
973 2425 1091 2496 compito
1114 2422 1209 2478 Acilio
1231 2432 1351 2496 emptum
1372 2423 1406 2481 ob
1427 2424 1459 2479 id
1474 2440 1531 2496 pu·

305 2517 400 2593 blica).
449 2519 552 2594 Ipsum
583 2521 633 2578 ubi
660 2520 763 2591 fuerit,
793 2521 980 2596 ignoramus3
1010 2521 1312 2597 tigillumsororium
1343 2540 1436 2597 prope
1463 2540 1530 2578 eum

305 2618 403 2676 locum
434 2619 542 2690 fuisse,
578 2621 627 2677 ubi
655 2629 761 2695 postca
785 2621 894 2678 lactum
924 2630 972 2680 est
999 2608 1249 2696 amphitheatrum
1277 2621 1427 2691 Flavium,
1456 2620 1530 2679 satis

305 2727 423 2777 constat
443 2719 492 2795 (cf.
516 2721 632 2778 Jordan
654 2729 771 2796 topogr.
794 2721 881 2780 Rom.
905 2719 934 2792 2,
952 2721 1020 2779 100.
1036 2721 1121 2796 587).

203 2834 234 2875 ιν
257 2832 326 2876 uon
342 2849 349 2863 ·
365 2834 453 2877 ocr·
476 2818 558 2894 (Oct.
576 2821 619 2895 4).

304 2918 411 2977 Litura
433 2928 479 2985 est
500 2921 531 2978 in
552 2922 640 2978 fastis
662 2921 802 2979 versiculi
823 2922 920 2980 unius.

202 3034 272 3078 uon
288 3049 295 3062 ·
312 3034 395 3078 ocr·
419 3018 502 3092 (Oct.
520 3022 563 3096 7).

252 3120 332 3194 Iovi
356 3119 505 3218 fulguri,
534 3119 698 3217 [l]unoni
723 3119 853 3192 curriti
878 3119 916 3192 in
944 3145 1088 3218 campo.

210 3302 213 3306 ,
306 3241 430 3303 Sacrum
452 3249 554 3300 notum
576 3240 695 3316 quidem
711 3259 749 3297 ex
765 3240 967 3312 Ostiensibus,
991 3241 1044 3300 sed
1060 3242 1157 3298 adhuc
1172 3259 1229 3298 non
1245 3242 1321 3298 satis
1336 3241 1528 3298 intellectum.

263 3403 267 3412 ,
305 3341 384 3400 Nam
407 3361 472 3399 cum
495 3343 536 3399 ibi
559 3342 701 3417 scriptum
725 3352 805 3398 esset
827 3355 891 3399 rovt
911 3357 987 3398 svuo
1010 3355 1122 3398 rvnoru
1146 3356 1223 3410 Qun
1246 3357 1337 3412 carne,
1366 3341 1443 3399 solvi
1467 3343 1531 3398 Ioni

306 3444 480 3518 tulpnratori
501 3443 661 3515 Iunonique
687 3444 717 3497 in
739 3458 854 3514 campo,
881 3440 913 3497 in
934 3459 969 3496 ec
992 3441 1080 3522 venia
1102 3440 1209 3517 dignus
1232 3441 1313 3514 quod
1336 3441 1529 3499 vetustiorem

268 3564 270 3571 ·
304 3542 429 3600 formam
456 3543 545 3621 Iovis,
564 3541 692 3618 fulguris
718 3549 865 3598 servatam
886 3540 966 3616 apud
988 3540 1111 3598 Festum
1137 3539 1180 3615 (v.
1202 3558 1380 3616 provorsum
1406 3559 1435 3614 p.
1453 3538 1528 3614 229)
1609 3617 1615 3623 .

305 3644 567 3717 confirmatamque
595 3643 681 3699 titulo
698 3640 863 3699 Viennensi
891 3640 1033 3715 (Henzen
1054 3638 1150 3698 5629:
1177 3641 1242 3697 Ioui
1261 3641 1378 3716 sulpuri
1392 3640 1528 3716 sultnini)

304 3744 462 3802 recentiori
491 3753 520 3801 et
545 3742 693 3801 usitatiori
714 3741 888 3817 posthabui3
916 3759 1095 3817 quamquam
1115 3742 1220 3816 Iovem
1242 3741 1342 3818 fulgur
1367 3742 1427 3799 iam
1449 3748 1528 3798 recte

305 3862 516 3921 componemus
543 3862 610 3901 cum
636 3843 709 3904 love
735 3841 896 3899 Libertate.
941 3839 1001 3901 Sed
1028 3843 1120 3919 pudet
1145 3861 1191 3898 me
1218 3842 1344 3918 copulae
1370 3860 1424 3917 qne
1449 3841 1528 3899 male

304 3946 434 4005 intrusae
459 3945 580 4002 omnino
601 3944 716 4002 alienae
738 3962 756 4001 a
776 3943 879 4012 fastis,
908 3943 960 4019 qui
986 3942 1063 4000 duos
1085 3942 1226 4018 pluresve
1254 3944 1326 4001 deos
1353 3943 1529 4017 plerumque

304 4056 486 4122 componant
511 4037 671 4101 ἆτυνὸὲτως
698 4063 768 4101 raro
796 4044 910 4102 inserta
936 4044 1045 4119 copula
1072 4053 1113 4114 et,
1143 4063 1306 4119 numquam
1335 4061 1405 4101 vero
1435 4043 1530 4100 altera

305 4165 367 4222 que.
402 4147 466 4204 Iam
492 4146 652 4204 Heuzenus
674 4145 826 4203 revocavit
844 4163 944 4202 veram
966 4143 1196 4219 explicationem
1219 4162 1297 4219 quae
1319 4150 1367 4201 est
1387 4143 1451 4200 Iovi
1464 4143 1528 4216 sul·

302 4247 408 4323 9(uri),
430 4247 536 4305 Iunoni
555 4246 684 4322 q(uiriti)
706 4250 737 4302 in
758 4245 897 4319 camp(o).
940 4244 989 4300 Ex
1012 4243 1129 4301 duabus
1151 4243 1256 4302 formis
1278 4247 1395 4302 curritis
1418 4253 1445 4300 et
1464 4246 1527 4317 qui-

303 4351 377 4420 ritis,
404 4355 547 4424 quantum
574 4347 611 4405 sd
632 4348 726 4404 fastos
748 4346 867 4415 attinet,
896 4344 978 4420 paris
1000 4344 1062 4422 fere
1085 4344 1269 4401 auctoritatis
1295 4344 1390 4400 altera
1411 4344 1525 4416 quiritis

303 4456 332 4506 ct
358 4449 388 4506 in
415 4449 483 4506 aliis
509 4449 574 4505 eius
596 4448 668 4505 deae
690 4447 785 4504 titulis
807 4445 883 4502 redit
911 4444 957 4518 (ut
980 4443 1072 4501 Orell.
1092 4444 1185 4519 1304)
1208 4452 1236 4500 et
1258 4451 1412 4517 praeterea
1432 4442 1527 4499 notis-

304 4550 381 4606 sima
406 4558 467 4619 est3
499 4550 594 4606 alteru
620 4556 719 4606 autem
746 4549 860 4604 curritis
887 4563 964 4602 nunc
989 4544 1107 4600 demum
1134 4545 1208 4601 satis
1236 4543 1396 4600 stabilitur.
1445 4540 1525 4599 Nam

304 4668 343 4707 ex
374 4649 490 4708 duobus
521 4649 629 4719 titulis,
661 4649 692 4704 in
726 4647 835 4722 quibus
867 4645 938 4702 item
971 4645 1068 4714 adest,
1102 4644 1177 4701 alter
1205 4644 1315 4701 fractus
1343 4649 1390 4699 est
1417 4640 1526 4717 (Orell.

305 4750 400 4809 5659:
424 4751 488 4808 Iun.
511 4751 618 4824 ca...),
641 4749 673 4806 in
693 4748 787 4805 altero
810 4744 921 4820 (Orell
940 4744 1034 4820 1303)
1057 4742 1204 4820 Cyriacus
1226 4743 1354 4819 quidem,
1376 4742 1427 4818 qui
1449 4760 1527 4800 unus

303 4851 470 4927 descripsit,
493 4851 650 4909 lectionem
672 4867 771 4906 verum
795 4846 925 4916 exhibet,
949 4846 1001 4903 sed
1024 4854 1220 4920 corruperunt
1241 4845 1442 4920 exscriptores
1465 4843 1527 4901 cdi-

305 4961 450 5027 toresque.
488 4951 616 5009 Videant
636 4951 728 5028 igitur
749 4946 983 5024 grammatistae,
1006 4946 1156 5021 quomodo
1177 4947 1289 5005 factum
1308 4946 1355 5015 sit,
1378 4953 1411 5003 ut
1426 4948 1526 5020 quiris,

304 5070 381 5129 quae
407 5054 503 5111 forma
529 5061 576 5111 est
601 5054 666 5110 sine
692 5050 782 5108 dubio
804 5047 969 5125 primitiva,
996 5048 1103 5107 abierit
1128 5047 1158 5106 in
1185 5048 1216 5106 id
1244 5048 1326 5124 quod
1353 5052 1400 5105 est
1421 5048 1524 5105 curris.
