3480 5804
202 449 249 520 tt
773 458 955 512 nouusun

202 552 1535 581 ........----——-—-———-——--——--—-

201 637 261 696 Hic
287 636 392 695 titulus
420 635 533 693 relatus
563 634 642 708 apud
664 631 813 691 Orellium
840 651 869 688 n.
885 629 924 687 57
952 628 1026 686 mihi
1055 628 1176 703 quidem
1204 627 1271 702 ipsa
1299 624 1396 683 falsus
1418 622 1539 681 videtur

201 753 283 807 esse3
309 745 390 795 certe
415 735 493 793 mala
520 734 627 791 dicitur
651 732 815 808 imperator
840 729 1050 787 Diocletianus
1078 727 1192 787 Caesar
1218 729 1373 802 Augustus
1400 733 1431 783 et
1456 724 1538 782 male

201 837 364 896 cohaerent
388 836 499 893 omnia.
543 831 603 892 Sed
630 841 664 890 ut
688 851 754 890 eam
782 831 987 906 quaestionem
1017 828 1153 886 ulteriori
1178 827 1310 885 examini
1338 842 1539 895 reservemus,

201 938 259 996 hoc
279 937 402 994 dubium
423 953 483 991 non
505 941 552 991 eat
568 931 800 991 Gutenatenium
822 940 852 987 et
872 930 1062 1005 imperatoris
1083 928 1205 986 nomina
1225 937 1336 985 temere
1358 925 1539 984 emendasse

203 1042 235 1095 et
265 1035 398 1106 sublata,
431 1053 508 1109 quae
540 1033 664 1091 thermis
696 1050 801 1107 parum
835 1030 994 1088 convenire
1021 1028 1180 1100 videretur,
1212 1026 1434 1104 dactyliotheca
1466 1026 1541 1084 sub·

204 1136 339 1195 stituisse
360 1135 552 1212 nympheum.

288 1235 356 1294 Hoc
382 1233 642 1311 interpolatiouum
671 1250 765 1309 genus
791 1250 857 1289 cum
880 1232 1010 1307 primum
1032 1229 1155 1312 agnovi,
1182 1248 1243 1287 non
1271 1228 1346 1286 satis
1374 1227 1405 1285 id
1431 1225 1540 1285 distin·

204 1353 299 1412 guens
320 1336 359 1392 ab
381 1332 660 1410 interpolationibus
682 1332 913 1407 antiquioribus,
940 1330 969 1387 id
991 1330 1113 1400 estiis,
1140 1347 1217 1404 quae
1239 1328 1390 1404 proiectae
1411 1346 1452 1386 ex
1474 1327 1539 1403 syl·

138 1446 141 1451 '
206 1436 285 1511 logis
307 1436 426 1510 scriptis
448 1433 571 1491 saeculo
584 1432 644 1489 XV
667 1440 728 1490 tum
750 1451 816 1489 cum
838 1431 1004 1488 scribebam
1026 1431 1124 1488 adhuc
1144 1430 1307 1488 latentibus
1328 1429 1459 1504 primum
1482 1445 1539 1503 pu·

207 1535 283 1593 blica
304 1534 400 1592 editae
422 1541 492 1591 sunt
512 1534 542 1590 in
560 1551 683 1608 corpore
698 1532 904 1601 Mazochiano‚
926 1533 1022 1588 erravi
1037 1550 1097 1589 non
1112 1532 1149 1588 de
1163 1531 1278 1601 fraude,
1300 1531 1353 1588 sed
1369 1531 1406 1588 de
1420 1528 1540 1587 fraudis

207 1634 322 1710 origine
349 1641 379 1691 et
400 1641 506 1691 aetate.
550 1632 614 1690 lam
641 1652 707 1689 com
729 1633 863 1707 syllogus
884 1631 952 1689 illas
974 1633 1204 1708 cognoverimus
1230 1631 1410 1708 perscrutati
1432 1629 1541 1688 biblio-

209 1735 326 1804 thecas,
354 1733 475 1791 videant
503 1733 524 1790 ii
550 1733 600 1808 qui
628 1733 730 1790 titulos
759 1734 889 1790 urbanos
916 1740 1148 1809 recognoscunt,
1176 1751 1261 1793 num,
1274 1731 1340 1790 fieri
1365 1729 1480 1808 possit,
1508 1739 1543 1788 ut

209 1835 337 1908 demptis
365 1833 660 1909 interpolationibus,
688 1849 763 1906 quas
791 1851 810 1888 a
838 1832 1035 1890 Gutenstenio
1063 1833 1213 1908 profectas
1239 1849 1306 1891 esse
1335 1832 1409 1891 mihi
1436 1831 1544 1889 videor

210 1935 448 2004 demonstrasse,
477 1932 717 1992 Gutensteniana
744 1950 780 1988 ea
806 1932 843 1990 de
871 1934 982 2007 quibus
1008 1933 1128 2010 agimus
1152 1934 1277 1991 redeant
1303 1932 1342 1990 ad
1369 1930 1543 2007 carpensis

209 2034 264 2092 illa
290 2043 431 2110 excerpta
456 2034 587 2107 itemque
608 2033 798 2090 Mazochium
825 2032 938 2090 editum
965 2052 1031 2091 cum
1055 2033 1271 2108 supplementis
1293 2033 1413 2110 scriptis
1436 2031 1543 2090 Metel·

209 2135 311 2192 lianis:
334 2141 367 2192 ut
388 2133 507 2192 taudem
529 2133 690 2208 aliquando
712 2133 847 2206 quiescat
869 2133 973 2189 umbra
994 2134 1122 2192 molesta
1143 2134 1255 2192 codicis
1276 2134 1366 2192 istius
1380 2131 1543 2191 cardinalis

211 2233 385 2310 Carpensia,
407 2235 463 2292 sub
477 2252 538 2308 quo
553 2233 672 2291 nomine
686 2250 764 2306 quae
776 2231 866 2289 hodie
881 2233 1139 2303 circumferuntur,
1161 2253 1198 2291 ea
1211 2233 1349 2309 equidem
1364 2251 1544 2308 persuasum

211 2335 307 2393 habeo
336 2345 389 2393 aut
408 2335 545 2411 vulgaria
571 2351 637 2392 esse
663 2341 714 2390 aut
736 2350 834 2390 meras
856 2351 952 2409 nugas
974 2352 993 2389 a
1016 2332 1215 2392 Gutenstenio
1237 2334 1434 2410 excogitatas.
1477 2333 1544 2392 an

211 2445 311 2494 autem
340 2436 458 2508 titulos,
486 2435 537 2509 qui
565 2433 674 2509 prolati
702 2452 771 2491 eum
797 2433 944 2490 eiusmodi
970 2433 1144 2491 auctoritate
1168 2434 1364 2492 nibilominus
1388 2434 1499 2492 absunt
1526 2452 1545 2491 a

212 2536 332 2594 schedis
355 2537 476 2612 scriptis
491 2534 680 2604 Metellianis,
702 2551 779 2608 quas
802 2534 963 2591 secundum
986 2551 1022 2590 ea
1043 2552 1120 2608 quae
1141 2533 1273 2593 diximus
1294 2535 1354 2592 iam
1376 2534 1451 2593 satis
1472 2550 1545 2592 con·

212 2645 272 2694 stat
293 2643 353 2694 um
376 2637 479 2711 plenas
499 2653 568 2693 esse
589 2634 679 2691 hodie
699 2634 730 2691 in
751 2633 934 2691 bibliotheca
950 2632 1096 2692 Vaticana
1116 2652 1206 2708 quam
1229 2634 1352 2693 inerunt
1372 2635 1452 2709 apud
1472 2633 1544 2691 Val-

212 2736 327 2805 laeum,
357 2747 436 2795 totos
456 2736 541 2793 fictos
562 2753 628 2793 esse
650 2735 780 2791 arbitror
801 2752 819 2790 a
841 2732 1055 2806 Gutensteuio,
1084 2735 1174 2810 idque
1194 2736 1317 2810 qnidam
1338 2741 1545 2793 cartaeorum

214 2835 397 2894 absurditate
418 2835 551 2912 insignes
573 2835 692 2909 egregie
714 2834 898 2892 confirmant.
942 2833 1082 2909 Exempli
1103 2852 1196 2892 causa
1217 2835 1311 2911 selegi
1333 2836 1421 2893 huuc.

324 2963 423 3014 Romae
442 2963 469 3012 in
488 2962 566 3010 domo
585 2961 645 3010 Iulii
663 2961 799 3010 Matthaei.

368 3053 422 3102 Pro
445 3052 527 3101 saluta
550 3051 646 3100 reditus
665 3051 720 3099 diri
739 3052 792 3101 Titi
812 3051 886 3101 Gaea
910 3052 964 3100 divi
982 3053 1044 3116 imp.
1063 3053 1217 3116 Vespasiani
1236 3054 1308 3117 Aug.
1327 3053 1347 3102 i.
1366 3052 1399 3114 Q.
1418 3052 1546 3103 Laberius

368 3143 451 3192 Rufus
469 3157 521 3192 sac.
541 3142 584 3191 dei
602 3142 722 3191 Herculis
740 3158 764 3206 p.
785 3158 806 3191 s.
825 3158 851 3206 p.

326 3233 401 3284 Grut.
418 3234 479 3295 113,
493 3234 510 3281 4
527 3223 648 3284 ‘Grutero
659 3232 781 3282 Metellus
799 3247 814 3280 a
833 3248 881 3281 ms.
897 3232 954 3281 cod.
968 3232 1060 3282 Franc.
1074 3230 1156 3294 [inraso
1169 3232 1267 3297 fratris]
1279 3233 1390 3283 lueundi
1402 3234 1448 3298 qui
1460 3225 1547 3284 vidit’.

216 3345 325 3406 Nonne
351 3348 392 3420 is,
420 3348 473 3424 qui
501 3347 550 3404 hic
576 3346 710 3404 venditat
735 3353 806 3403 rota
832 3347 934 3404 nescio
962 3363 1040 3421 quac
1065 3364 1120 3422 pro
1147 3347 1209 3404 divi
1233 3347 1423 3422 imperatoris
1450 3347 1550 3406 reditu

217 3461 359 3526 suscepta
384 3448 495 3524 quique
521 3446 700 3524 gemmulam
724 3466 876 3524 pei-raram
898 3446 1011 3504 invenit
1032 3445 1159 3505 salutem
1179 3467 1240 3505 uon
1262 3448 1466 3522 imperatoria,
1494 3447 1549 3507 sed

217 3549 344 3621 reditus,
373 3550 462 3624 plane
487 3549 566 3606 idem
592 3557 654 3619 est,
680 3567 769 3623 quem
791 3565 883 3623 supra
903 3546 1030 3604 vidimus
1052 3547 1191 3621 genetivo
1210 3548 1338 3607 Pietatis
1360 3566 1416 3624 pro
1438 3547 1550 3606 Pietati

217 3648 339 3720 offendi,
359 3649 568 3724 imperatorem
586 3645 748 3705 Caesarem
770 3648 870 3704 dirum
884 3645 1013 3705 Nervam
1029 3646 1194 3707 Traianum
1216 3665 1321 3707 secura
1342 3648 1552 3725 concoquere?

219 3748 310 3806 Addo
332 3757 497 3806 monstrum
519 3746 678 3822 gemellum
699 3756 730 3803 et
750 3755 849 3804 taceo:

328 3875 427 3926 Romae
445 3876 473 3923 in
491 3874 589 3940 palatio
609 3873 747 3922 canlinalis
766 3873 919 3923 Genuansis.

373 3965 502 4014 Felicitati
520 3979 579 4027 aug.
599 3970 625 4012 et
643 3963 819 4026 providentiae
837 3964 890 4012 diri
911 3964 965 4013 Titi
984 3965 1046 4028 imp.
1060 3966 1215 4030 Vespasiani
1234 3968 1301 4032 Aug.
1321 3967 1340 4016 f.
1360 3968 1468 4017 sublatis
1487 3982 1549 4032 pop.

373 4055 448 4104 Rom.
462 4049 557 4103 hostib.
572 4053 796 4118 perniciosissimis
809 4053 839 4104 C.
853 4054 944 4104 Aelius
956 4055 1095 4108 Successus
1107 4057 1137 4105 1.
1151 4056 1275 4108 Cocceius
1286 4058 1362 4108 Felix
1375 4073 1396 4107 s.
1410 4073 1436 4122 p.
1449 4057 1468 4107 i.
1482 4074 1505 4107 c.

331 4146 405 4195 Grut.
421 4147 483 4207 244,
498 4147 513 4195 8
531 4136 659 4196 ‘Gutenat
679 4159 694 4194 e
713 4159 759 4192 ms.
778 4136 898 4195 Mstelli'.

305 4261 335 4316 4.
379 4257 486 4318 Smctii
507 4259 625 4334 sylloge
647 4258 769 4333 scripta,
790 4258 867 4316 unde
888 4268 1031 4335 excerpta
1050 4260 1295 4335 supradiximus
1318 4259 1480 4320 Gruterum
1503 4279 1552 4320 ac·

223 4370 310 4436 cepta
335 4361 447 4419 referre
474 4377 541 4417 cum
564 4357 707 4434 Scioppio
733 4368 795 4415 tum
816 4359 991 4434 praesertim
1014 4357 1229 4432 Gutenstenio,
1256 4379 1324 4418 cum
1345 4361 1443 4420 adhuc
1468 4369 1555 4421 extet

224 4471 345 4519 servata
368 4459 458 4518 hodic
482 4459 512 4516 in
534 4458 713 4516 bibliotheca
733 4459 852 4534 publica
872 4458 1074 4535 Neapolitana
1094 4459 1173 4533 (cod.
1190 4460 1226 4517 V.
1248 4461 1284 4518 Ε.
1307 4461 1410 4537 stol.)
1438 4468 1468 4519 et
1489 4471 1555 4520 tota

224 4570 328 4619 nostra
352 4577 444 4618 causa
471 4576 604 4618 excussa
630 4559 685 4629 sit,
714 4577 769 4616 uec
789 4559 861 4617 mihi
882 4576 937 4617 nec
958 4559 1038 4634 quod
1060 4559 1152 4617 sciam
1174 4561 1275 4637 operis
1298 4561 1390 4620 sociis
1410 4579 1555 4636 umquam

226 4659 255 4716 in
278 4661 428 4736 excerptis
444 4657 634 4719 Gruterianis
654 4658 899 4733 interpolationes
920 4676 954 4717 sa
975 4659 1197 4737 obtulerunt1).
1232 4659 1361 4719 Videtur
1380 4661 1474 4739 igitar
1490 4658 1555 4720 Gu-

297 4854 328 4923 ')
356 4864 459 4913 Monuit
470 4864 634 4915 Bormannus
652 4865 719 4914 tituli
730 4865 779 4924 vl,
795 4864 864 4913 1025
879 4883 913 4904 =
927 4865 1001 4915 Grut.
1016 4864 1110 4925 261,5
1130 4862 1189 4914 diso
1206 4861 1338 4916 Gomado
1355 4874 1405 4917 cet.
1423 4878 1484 4919 m
1503 4868 1555 4918 tria

228 4959 318 5002 extent
335 4952 368 5000 de
385 4952 473 5015 lapide
492 4962 601 5018 excepta
619 4955 739 5017 exempla
756 4953 848 5005 Smetii
866 4954 894 5002 lu
912 4969 959 5002 ms.
977 4955 1023 5003 illo
1040 4953 1230 5016 Neapolitano,
1252 4954 1355 5005 Budaei
1373 4956 1445 5020 apud
1461 4957 1555 5007 Metel·

229 5041 294 5101 lum,
315 5039 464 5101 Oittatliuii,
488 5044 575 5092 omnia
595 5043 670 5092 linire
691 5044 719 5092 in
736 5043 862 5093 vocabulo
880 5039 1041 5093 Patmos
1059 5049 1086 5092 et
1102 5043 1192 5094 abesae
1209 5044 1243 5093 ab
1260 5045 1293 5094 ils
1311 5046 1454 5098 clausulam
1472 5045 1500 5096 d.
1519 5045 1557 5109 ὦ,
