3480 5804
853 730 881 788 4.

288 852 452 911 vasculum
481 851 571 909 fictile
599 851 671 909 artis
697 849 856 908 Arretinae
887 855 1038 925 repertam
1067 865 1146 905 anno
1175 846 1249 905 1871
1280 847 1312 906 in
1340 844 1546 905 eruderandis

203 954 402 1013 monumentis
432 951 650 1028 sepulcralibns
677 953 709 1009 in
736 951 825 1009 vinea
853 967 930 1026 quas
958 945 1127 1025 appellatur
1152 947 1303 1007 Minervae
1333 945 1480 1006 medicae
1508 946 1545 1005 ad

203 1063 320 1129 portam
343 1053 570 1113 Praenestinam
593 1053 695 1129 (portu
716 1050 885 1128 mappiore).

286 1191 321 1248 Iu
343 1191 434 1248 medio
448 1191 544 1264 fondo
560 1189 658 1265 fipurc
674 1189 758 1264 pedis
781 1187 897 1246 hamoni
917 1185 1069 1245 inclusum:

796 1319 886 1364 cmm
903 1335 909 1348 ·
926 1320 942 1364 s

287 1444 323 1503 In
346 1456 431 1520 porte
449 1445 540 1518 fundi
565 1453 680 1502 externa
708 1443 810 1500 litteris
833 1439 958 1517 propltio
983 1443 1109 1498 exaratis
1136 1444 1205 1498 satis
1227 1440 1308 1498 donis
1329 1439 1449 1499 saecuti
1470 1448 1545 1497 certe

287 1564 371 1603 aerae
392 1557 506 1604 noemae
524 1547 632 1620 primi.-

784 1639 930 1683 tremet

820 1739 948 1785 svroars

783 1828 802 1884 1’
821 1841 897 1884 saera
912 1841 949 1882 ve
992 1842 1024 1883 ue

830 1941 905 1985 reas

203 2063 374 2137 Descripsit
399 2063 531 2140 mihique
557 2064 638 2122 dedit
664 2063 700 2121 P.
728 2062 862 2121 Aloisins
888 2061 1007 2120 Bruzza
1028 2060 1203 2120 Barnabita:
1230 2062 1345 2123 contuli
1372 2063 1539 2140 imaginem

203 2164 442 2240 photographam
464 2162 686 2240 suppeditatam
708 2182 727 2222 a
747 2162 882 2222 Perkero
905 2160 1015 2240 Angla.

246 2263 293 2322 Dc
315 2266 437 2342 regione
458 2265 557 2337 orbis,
583 2265 631 2324 cui
653 2283 762 2325 nomen
785 2263 857 2340 Spes
878 2274 972 2333 vetus,
1000 2262 1039 2321 ci.
1061 2260 1179 2322 Oonina
1199 2263 1230 2320 in
1251 2266 1331 2322 Anu.
1354 2264 1429 2323 inst.
1453 2266 1537 2324 arch.

208 2364 286 2423 1838
312 2383 341 2440 p.
360 2363 530 2442 201seqq.;
558 2365 676 2425 Becker
696 2374 813 2442 topogr.
836 2384 865 2441 p.
882 2365 957 2435 55ος
984 2363 1100 2422 Preller
1121 2363 1264 2440 Raptorem
1283 2382 1314 2440 p.
1332 2366 1401 2424 131.
1424 2397 1462 2411 -
1487 2365 1538 2426 De

203 2466 291 2524 modo
314 2484 373 2541 quo
388 2465 518 2526 Romani
538 2467 637 2526 locum
653 2466 861 2536 indicaverint,
882 2466 932 2525 ubi
947 2464 1127 2536 habitarent,
1148 2474 1218 2541 post
1231 2464 1306 2525 alios
1321 2465 1400 2524 dixit
1414 2465 1537 2525 dordan

203 2566 342 2626 Arcddol.
364 2567 485 2642 Zeituop
510 2568 586 2627 1871
611 2587 640 2644 p.
657 2567 696 2626 65
708 2586 790 2645 seqq.

764 2758 967 2769 *-

852 2955 879 3012 5.

287 3066 434 3125 Aedicula
459 3087 627 3129 marmorea
655 3070 768 3129 effossa
794 3070 919 3129 111871
947 3073 978 3128 in
1004 3088 1078 3147 agro
1097 3068 1218 3129 Verano
1244 3070 1283 3129 ad
1310 3069 1472 3131 basilicam
1494 3071 1534 3131 D.

203 3165 357 3223 Laurentii
378 3175 464 3226 extra
485 3172 605 3228 moenia
625 3173 656 3229 in
678 3172 856 3230 coemeterio
877 3171 1086 3230 construendo.
1122 3169 1207 3228 Intra
1229 3189 1294 3230 sam
1310 3171 1417 3230 visitur
1432 3183 1536 3232 statua

201 3288 296 3347 parva
321 3269 431 3330 sedens
459 3269 550 3347 longa
577 3283 662 3331 veste
689 3271 807 3344 induta,
838 3272 935 3348 capite
962 3270 1060 3330 velato
1089 3278 1119 3329 et
1146 3271 1237 3348 spicis
1264 3282 1424 3346 coronato,
1455 3290 1535 3351 qaae

203 3371 327 3430 sinistra
347 3372 442 3432 facem
464 3380 545 3431 tenet
559 3371 679 3432 Cereris
701 3373 807 3444 instar,
828 3373 937 3431 dextra
956 3383 1090 3450 pateram
1113 3390 1192 3431 nunc
1214 3370 1400 3448 deperditam
1414 3373 1536 3434 videtur

202 3474 345 3532 tenuisse.
390 3474 479 3533 Nunc
504 3476 536 3532 in
563 3493 698 3534 museum
721 3471 924 3549 Capitolinum
949 3473 1044 3532 inlata
1069 3473 1100 3530 in
1125 3472 1267 3549 repositis
1289 3482 1437 3544 servatur,
1465 3494 1535 3535 cum

201 3572 347 3646 aedicula,
369 3592 430 3650 quo
452 3575 558 3633 melius
581 3584 845 3653 transportaretur,
866 3573 1003 3633 diffracta
1024 3573 1064 3632 sit
1082 3573 1207 3632 necdum
1221 3576 1445 3635 reconcinnsta.
1480 3576 1535 3638 Ti-

202 3674 282 3731 tulus
303 3674 334 3731 in
357 3692 394 3732 eo
414 3685 554 3733 exaratus
576 3686 624 3736 est
644 3677 692 3734 hic
713 3676 820 3734 litteris
841 3675 917 3734 satis
939 3676 1042 3734 bonis:

723 3826 838 3868 Taaaas
859 3826 956 3868 manu
970 3839 977 3854 ·
992 3824 1008 3868 S

569 3929 608 3966 Α·
626 3924 816 3969 uonrsttstvs
831 3940 837 3954 ·
855 3923 958 3968 CERDO
980 3925 1057 3968 DEAE
1074 3940 1080 3954 ·
1096 3927 1161 3969 ΡΙΑΕ

585 4026 620 4068 ΕΤ
637 4041 643 4054 ·
659 4023 906 4070 constsvsmci
922 4041 928 4054 ·
944 4025 1024 4068 ΜΕΑΕ
1039 4040 1046 4055 ·
1063 4028 1083 4068 D
1100 4041 1106 4057 ·
1122 4026 1143 4068 D

202 4143 295 4204 Dedit
317 4145 417 4207 Tocco
440 4149 630 4208 architectus:
652 4150 718 4225 ipse
741 4147 863 4207 contuli.

243 4245 377 4306 Numina
398 4266 466 4306 raro
488 4248 627 4308 dicuntur
644 4253 711 4326 pio:
735 4249 772 4308 cf.
794 4257 894 4308 tamen
916 4249 990 4308 tono
1004 4250 1058 4308 deo
1073 4253 1128 4325 pia
1151 4248 1203 4308 Or.
1219 4249 1307 4310 1527.
1345 4249 1397 4309 Dii
1418 4251 1533 4312 deaeve

201 4359 411 4408 conservatores
433 4349 480 4408 vel
503 4356 722 4410 conservatrices
743 4368 803 4409 non
824 4351 885 4410 rari
907 4359 988 4422 aunt,
1009 4349 1138 4410 formula
1153 4362 1249 4410 autem
1266 4352 1322 4409 hoc
1338 4352 1428 4410 titulo
1442 4371 1532 4413 usur·

200 4457 281 4528 pate,
303 4467 379 4525 quae
402 4462 447 4509 est
468 4455 659 4511 coarmatus
679 4470 751 4524 meo,
772 4451 845 4510 mihi
867 4467 944 4509 nova
965 4451 1081 4509 accidit.

848 4848 876 4906 6.

286 4959 384 5038 Supra
405 4982 434 5038 p.
453 4963 510 5023 109
533 4984 601 5025 cum
616 4963 863 5045 Dittenbergerus
882 4966 1008 5027 ediderit
1029 4968 1199 5026 restitutum
1221 4987 1240 5026 a
1261 4986 1293 5026 se
1315 4968 1434 5028 titulum
1448 4970 1530 5030 Atti-

203 5075 268 5116 cum
290 5061 325 5118 P.
341 5062 474 5121 Memmii
488 5063 597 5143 Reguli
618 5081 680 5124 cos.
703 5085 729 5124 e.
745 5084 774 5143 p.
791 5064 826 5126 Ο.
843 5066 893 5139 st,
915 5067 1047 5128 eiusdem
1070 5069 1126 5128 viri
1149 5068 1240 5128 alium
1262 5069 1380 5131 titulum
1398 5069 1531 5132 Athenis
