3480 5804
129 491 224 573 rins
550 517 1034 583 vonnsumomssnsssvn.
1410 501 1456 572 11

126 689 274 768 Repperit
287 691 483 751 DetleIsenus
500 693 652 770 ediditque
666 692 745 769 apud
761 690 950 752 Gerhardum
965 692 1093 751 arcltcioi.
1109 693 1231 768 Zeitanp
1248 692 1326 752 1863
1342 713 1371 770 p.
1387 693 1456 766 13⁵3

127 790 205 850 vidit
225 793 315 850 etiam
334 793 539 853 Mommsenus
559 794 580 852 l.
596 813 621 853 6.
644 813 674 870 6.
691 791 758 853 79“.
794 793 843 851 Ab
863 793 916 851 illo
930 792 1050 852 Ritschl
1071 795 1171 870 suppl.
1186 793 1219 851 II
1240 813 1269 872 p.
1288 794 1335 853 10.
1371 792 1459 854 Picta

128 890 217 950 datur
242 893 391 951 delineata
416 912 435 952 6
455 894 632 953 Detleiseno
653 902 715 952 tam
737 893 816 971 apud
837 893 1035 954 Ritschelium
1056 895 1076 953 l.
1093 914 1119 952 6.
1141 896 1202 953 tab.
1223 915 1252 953 n.
1269 894 1296 954 0
1313 913 1404 971 quam
1426 895 1459 955 in

128 993 317 1076 ephemeride
339 992 549 1054 Gerhardiana
572 994 650 1054 1863
672 1015 703 1072 p.
719 995 757 1053 43
780 996 840 1053 tab.
858 996 916 1054 173
939 1015 968 1054 6.
985 997 1014 1055 3.

168 1092 274 1151 Prima
293 1094 394 1154 littera
413 1096 544 1173 patellae
556 1096 714 1154 Parisinae
735 1097 780 1155 sic
802 1105 849 1155 est
870 1112 911 1167 1c3
933 1095 1085 1166 lineolam,
1107 1114 1168 1172 qua
1189 1097 1352 1173 iunguntur
1370 1114 1378 1156 1
1394 1107 1458 1156 etc

127 1192 158 1250 in
179 1193 296 1268 pictura
309 1194 486 1268 Detleiseni‚
507 1197 539 1256 in
560 1198 628 1273 ipsa
648 1197 762 1272 patella
782 1197 863 1255 cerni
884 1197 1005 1273 negavit
1019 1197 1224 1256 Mommsenus
1246 1198 1266 1255 l.
1283 1216 1308 1256 6.
1341 1197 1458 1257 Littera

128 1309 148 1351 x
169 1294 308 1355 similiter
328 1296 458 1356 formata
477 1297 554 1356 redit
574 1297 606 1356 in
627 1297 715 1356 titulo
730 1295 844 1356 Umbro
866 1297 984 1356 tabulae
998 1297 1223 1357 Ritschelianae
1237 1297 1374 1356 LXXIII
1387 1296 1427 1357 A.

128 1466 169 1528 1³
196 1469 227 1526 in
253 1477 359 1546 patara
383 1480 518 1530 cretaoea
542 1470 629 1549 nigra
654 1479 759 1529 ornata
782 1470 890 1530 litteris
915 1471 1094 1547 pervetustis
1116 1470 1269 1547 signaculo
1290 1471 1458 1547 impressis.

170 1569 247 1648 Rep.
264 1569 372 1630 Vultis
392 1571 471 1632 inter
490 1570 618 1631 61835
640 1579 671 1631 66
693 1571 783 1632 1837.
825 1571 921 1630 Extat
940 1571 1057 1631 Romae
1077 1571 1109 1630 16
1130 1589 1235 1630 museo
1257 1569 1459 1649 Gregoriano.

716 1689 757 1734 c·
773 1688 872 1731 sorim

128 1785 267 1848 Museum
290 1789 510 1868 Gregorianum
531 1789 659 1863 11,102‚
682 1788 711 1850 2.
734 1789 973 1864 2a313ennu0rf
989 1789 1073 1849 Ball.
1096 1789 1163 1850 deli'
1183 1794 1250 1850 inst.
1272 1791 1353 1852 orci.
1379 1790 1458 1852 1866
1553 1863 1558 1871 ι

129 1908 160 1967 p.
177 1889 248 1963 244,
269 1891 317 1951 661
338 1892 521 1968 descriptam
542 1892 624 1952 dedit
643 1892 683 1952 Ii.
705 1890 853 1954 Schoene.

129 2063 172 2126 14
192 2067 224 2125 in
245 2066 357 2142 patella
378 2076 515 2126 cretacea
534 2067 622 2145 nigra
640 2067 718 2124 iuter
737 2065 812 2124 folia
830 2066 939 2125 caelati
959 2066 1060 2143 operis
1081 2066 1153 2124 item
1174 2065 1271 2126 forma
1290 2083 1457 2143 expressae

173 2174 243 2226 sunt
263 2167 381 2227 litterae
401 2169 459 2228 hae
480 2175 681 2245 pervetustus.
724 2166 925 2227 Toscauellae
946 2165 1026 2245 apud
1047 2165 1212 2227 Valerium.

742 2313 744 2317 >
764 2291 828 2334 bAI'l

132 2393 170 2453 0.
192 2393 351 2452 Benndorf
368 2394 451 2452 Bali.
473 2393 540 2453 dcll'
563 2398 629 2453 inst.
651 2394 732 2452 orcis.
756 2393 835 2452 1866
858 2413 888 2469 p.
904 2391 976 2465 244,
998 2394 1050 2469 qui
1072 2394 1156 2452 vidit.

173 2493 407 2572 [Inscriptiones
434 2510 511 2569 quas
542 2512 635 2569 supra
660 2493 830 2551 rettulimus
856 2513 886 2550 n.
903 2492 1005 2550 7-14
1031 2493 1165 2551 eiusdem
1192 2493 1254 2551 iere
1280 2494 1405 2571 originis
1427 2503 1459 2554 et

131 2595 239 2654 aetatis
259 2611 327 2653 6666
348 2593 477 2652 dubitari
498 2611 558 2652 non
579 2601 689 2671 potest.
722 2593 875 2651 Differuut
888 2612 907 2650 a
920 2593 1077 2651 fabrilibus
1092 2593 1335 2669 inscriptionibus
1350 2595 1458 2655 aetatis

131 2696 309 2772 posterioris
336 2714 389 2768 eo,
417 2694 498 2771 quod
524 2713 586 2753 non
610 2694 751 2770 legsmtur
771 2681 959 2753 extrInsscus
980 2692 1125 2752 infundo
1145 2694 1276 2767 vasculi,
1305 2697 1462 2757 sedimus

130 2797 209 2855 inter
232 2795 418 2874 anaglypha,
445 2813 571 2872 quorum
597 2804 713 2872 partem
737 2793 853 2859 iaciunt
876 2794 984 2853 iisdem
1010 2793 1116 2853 formis
1141 2793 1309 2871 litterisque
1334 2797 1460 2874 stipsis

131 2897 330 2956 eminentibus
352 2914 525 2974 expressae.
560 2894 698 2955 Patellae
719 2895 869 2973 proiectae
889 2914 929 2954 ex
949 2894 1061 2971 figlinis
1097 2913 1164 2953 cum
1179 2895 1304 2954 aliorum
1320 2905 1383 2955 tum
1399 2895 1461 2957 Ga·

130 2997 281 3056 biniorum
303 2995 427 3057 0616616
455 2997 601 3075 originem
626 3015 693 3056 eam
711 2996 895 3073 plerumque
921 2995 1057 3054 indicant
1080 2995 1170 3054 modo
1192 2995 1295 3073 oppidi
1315 2998 1461 3058 vocabulo

132 3099 301 3172 enuntiato,
328 3098 408 3173 quod
433 3107 480 3158 est
501 3097 636 3170 0616666,
662 3095 752 3156 modo
780 3096 899 3156 ethnico
923 3096 1036 3170 061661,
1062 3095 1093 3154 16
1115 3096 1193 3154 enim
1214 3114 1380 3173 cognomen
1402 3115 1462 3158 non

132 3216 200 3259 esse
221 3199 281 3258 iam
302 3206 429 3258 constat.
464 3198 606 3259 Inventas
628 3204 700 3256 sunt
721 3197 798 3257 aliae
819 3197 895 3273 ipsis
910 3195 1036 3256 Calibus
1059 3195 1237 3274 (69.166)
1259 3198 1309 3256 vel
1329 3206 1409 3258 certe
1430 3201 1463 3259 16

133 3298 300 3376 Campania
321 3298 363 3374 (n.
379 3299 459 3376 lto),
480 3300 558 3358 aliae
572 3299 685 3358 exteris
701 3299 816 3357 scilicet
830 3297 967 3357 venditae
984 3297 1015 3354 iu
1029 3297 1153 3356 Etmria
1166 3297 1338 3374 Tarquiniis
1355 3299 1398 3375 (6.
1412 3301 1460 3359 76.

133 3400 187 3461 86.
208 3401 233 3459 6.
253 3400 292 3476 6.)
318 3398 425 3459 Vulcis
451 3399 494 3474 (n.
519 3400 571 3476 13)
599 3399 800 3458 Tosoanellae
827 3397 872 3474 (6.
896 3397 949 3472 14)
976 3395 1072 3456 Caere
1099 3396 1144 3472 (6.
1165 3398 1215 3456 76.
1240 3398 1308 3473 10),
1334 3400 1463 3462 fortasse

133 3501 277 3560 66161616
299 3497 403 3559 Sicilia
423 3498 547 3576 (6.11).
588 3498 708 3559 Nomen
729 3498 810 3574 quod
830 3498 1007 3575 inscriptum
1028 3499 1152 3569 habent,
1174 3505 1226 3556 666
1246 3499 1330 3575 figuli
1352 3511 1412 3574 666,
1435 3502 1463 3562 61

134 3602 231 3678 magle
258 3599 373 3678 616666,
400 3599 574 3672 caelatoris,
601 3600 633 3659 iu
655 3599 792 3658 omnibus
818 3598 935 3658 videtur
962 3597 1061 3658 efferri
1088 3614 1163 3658 6666
1189 3598 1301 3674 primo;
1329 3618 1398 3661 nam
1425 3603 1464 3663 de

133 3702 238 3774 tertio,
265 3719 355 3778 quem
376 3701 448 3761 olim
468 3710 554 3779 parte
575 3708 690 3760 tantum
712 3718 815 3761 eorum
836 3701 958 3776 cognita
976 3699 1008 3759 16
1028 3698 1208 3775 quibusdam
1230 3699 1374 3779 scriptum
1394 3720 1465 3764 esse

132 3802 246 3880 putari,
266 3802 327 3861 iam
348 3802 475 3880 cogitari
495 3820 556 3860 non
576 3811 685 3880 potest
722 3799 803 3863 Sane
825 3802 906 3879 6666
927 3801 1041 3879 primus
1064 3817 1150 3860 casus
1173 3801 1217 3860 616
1237 3801 1304 3860 finit
1323 3803 1412 3863 modo
1429 3804 1462 3863 in

134 3922 167 3964 os
188 3903 232 3980 (n.
249 3904 316 3980 76),
338 3904 427 3963 modo
449 3905 481 3962 16
501 3923 536 3963 os
558 3902 602 3978 (n.
617 3902 666 3962 86.
681 3902 707 3961 6.
724 3922 748 3963 6.
773 3903 836 3979 10),
857 3901 947 3962 modo
968 3903 1001 3961 in
1021 3921 1038 3961 o
1060 3900 1103 3977 (6.
1120 3902 1168 3962 86.
1184 3920 1208 3961 6.
1224 3903 1252 3962 9.
1271 3903 1318 3961 11.
1336 3902 1462 3982 mas),

133 4002 223 4065 modo
244 4004 278 4064 in
297 4023 318 4063 6
339 4003 383 4081 (6.
400 4005 461 4080 76),
482 4004 663 4063 66666616
685 4003 789 4063 eodem
811 4003 933 4063 vasculo
954 4021 989 4062 ns
1009 4011 1040 4061 et
1060 4021 1076 4060 ο
1098 4004 1256 4063 coniuncta
1276 4005 1463 4080 reperiantur

135 4106 179 4183 (n.
194 4106 244 4165 86.
259 4105 298 4183 6),
318 4106 425 4165 mirum
447 4115 502 4165 est.
540 4104 600 4166 Sed
620 4105 750 4164 fortasse
770 4105 860 4164 etiam
882 4124 918 4164 eo
938 4113 1081 4180 tempore,
1103 4121 1163 4180 qno
1182 4105 1384 4164 nominativus
1398 4105 1463 4183 ple·

133 4226 258 4284 rumque
278 4208 311 4266 in
333 4225 364 4265 os
381 4206 429 4265 vel
450 4225 466 4265 o
487 4206 677 4279 efferebatur,
699 4225 733 4266 aa
748 4215 778 4264 66
791 4224 811 4263 6
825 4205 915 4264 simul
928 4207 960 4264 in
975 4222 1033 4264 666
1045 4206 1175 4275 fuerunt,
1196 4213 1230 4262 ut
1249 4205 1276 4277 Ι,
1292 4205 1331 4264 62
1353 4207 1463 4283 legitur

134 4309 167 4367 in
187 4308 291 4367 eadem
311 4307 425 4366 lamina
438 4306 605 4368 Placentina
627 4317 656 4367 et
670 4307 847 4377 Placentina,
868 4307 940 4365 item
961 4326 990 4364 n.
1009 4304 1046 4364 19
1069 4304 1189 4364 Silanus
1211 4312 1242 4363 66
1262 4304 1368 4377 ebrios,
1388 4306 1463 4366 Ilios

136 4416 207 4480 cet,
229 4426 258 4466 6.
274 4408 313 4466 24
334 4409 484 4468 Painiscos
506 4417 536 4467 et
555 4407 682 4486 Pilipns.
727 4407 775 4468 cf.
796 4405 929 4467 Corssen
951 4406 1131 4466 Vocaliemas
1157 4403 1190 4476 2,
1211 4403 1260 4464 98.
1297 4404 1357 4463 ΤΗ.
1371 4405 1427 4482 Μ.]

136 4579 175 4641 15
198 4581 230 4640 in
251 4580 406 4640 manubrio
427 4599 467 4639 ex
488 4587 570 4640 creta
591 4582 661 4640 alba
681 4590 801 4640 servato
822 4580 853 4638 16
875 4596 981 4638 museo
1003 4577 1210 4637 Kiraheriano.

728 4703 771 4756 Ρ·
786 4699 871 4756 <Alfi

136 4819 310 4897 Descripsit
329 4818 416 4877 nobis
438 4816 670 4895 Zangemeister.
706 4816 763 4875 Ed.
787 4815 932 4877 Garrucci
951 4815 1062 4892 yroffiti
1082 4815 1114 4872 di
1134 4813 1251 4890 Pompei
1271 4831 1300 4890 p.
1317 4811 1355 4873 25
1378 4814 1463 4890 (inde

136 4921 256 4982 Ritschl
276 4921 334 4979 tab.
349 4920 397 4978 XI
410 4918 459 4996 K)
480 4935 577 4994 neque
598 4917 798 4995 descriptione
813 4917 930 4976 vasculi
950 4916 1053 4976 addita
1072 4933 1170 4992 66666
1190 4915 1257 4975 loco
1280 4915 1331 4974 ubi
1346 4923 1464 4976 extaret

137 5021 284 5093 indicato3
309 5021 389 5080 unde
411 5019 610 5079 Benndorfins
633 5019 741 5078 adiecit
761 5017 893 5080 0616616.
935 5018 1001 5077 Iam
1022 5027 1151 5096 utroque
1172 5017 1324 5097 patefacto
1346 5034 1459 5096 appare

138 5123 177 5184 ad
198 5140 317 5184 66666
338 5122 499 5201 6666166665
521 5121 634 5200 placuit
654 5131 753 5182 tamen
773 5139 884 5201 ponere
905 5127 936 5181 et
956 5121 1065 5198 ipsum.
1244 5116 1245 5119 ’
