3480 5804
504 505 819 558 -onsnevarronrs
836 506 956 557 arton.
975 507 1028 561 111.
1395 490 1441 561 75

218 679 318 730 Romae
336 679 364 727 in
383 679 460 728 rineu
478 679 610 742 quondam
630 680 700 728 card.
721 679 798 742 Carp.
819 681 847 728 in
866 694 995 729 marmore
1013 680 1115 744 grandi.

262 771 329 834 Imp.
348 769 423 820 Caes.
443 769 495 817 divi
513 769 641 818 Hadriani
659 770 711 831 ill,
732 770 785 818 divi
805 770 913 820 Traiani
932 771 1022 821 Parth.
1041 785 1111 835 nep.‚
1132 771 1185 820 divi
1203 770 1306 821 Nervae
1323 787 1441 837 pronep.,

264 861 306 911 rr.
331 861 410 910 netto
434 859 569 909 sarnam
589 860 724 909 menno
743 861 813 924 aug.
832 861 881 910 rio
899 869 972 925 pone
996 875 1065 910 max.
1091 861 1150 910 eis.
1175 867 1229 926 pot.
1248 863 1304 911 nn
1328 877 1381 912 eos.
1401 836 1454 914 m'

264 965 290 1015 p.
310 967 336 1015 p.
360 950 394 1000 ob
413 950 500 1014 ampla
518 951 643 1000 beneflciis
661 951 694 1000 ab
714 952 812 1015 optimo
831 952 971 1016 maximoq.
991 952 1106 1017 principe
1125 953 1153 1002 in
1171 968 1199 1002 se
1219 953 1323 1003 conlata
1342 955 1444 1003 colonia

264 1041 344 1090 Aelia
362 1041 462 1090 Hadria
481 1075 576 1090 ......
587 1056 621 1090 uo

220 1130 295 1184 Grut.
311 1133 391 1193 1022,
406 1131 422 1180 3
439 1121 495 1195 'per
513 1131 713 1182 Gutenstenium
731 1131 838 1181 Fulvius
857 1123 983 1182 Ursinus’.

219 1327 320 1379 Romae
338 1327 366 1377 in
385 1327 492 1377 aedibus
511 1325 588 1378 Marii
608 1328 720 1378 Molliri.

264 1418 318 1469 Pro
336 1418 512 1468 saluteIuliae
524 1419 654 1467 Veneriae
672 1419 740 1468 tiliae
759 1417 921 1467 dulcissimae
940 1417 1047 1468 deliciae
1066 1434 1128 1468 suae
1147 1420 1270 1470 tabellam
1289 1419 1356 1471 hanc
1374 1436 1442 1473 mar·

263 1523 329 1558 mor.
348 1523 406 1558 cum
424 1509 498 1574 signo
512 1510 651 1573 Aesculapi
670 1510 697 1558 in
711 1524 801 1558 somno
815 1509 961 1559 admonitus
973 1509 1004 1559 L.
1017 1509 1138 1560 Valerius
1152 1511 1247 1575 Capito
1261 1512 1318 1562 aad.
1331 1526 1442 1564 anm...

211 1599 775 1663 '.m„mdaplmddd

221 1688 297 1740 (ἔπιε.
312 1691 392 1740 1014.
407 1689 423 1741 5
440 1681 633 1742 ‘Gutenstenius
651 1704 685 1739 ex
703 1681 865 1740 Ursinianls’.

221 1886 321 1938 mmor
339 1887 367 1936 in
385 1886 492 1937 aedibus
512 1886 631 1937 Caesada
650 1886 788 1936 Albertini.

264 1978 370 2028 Herculi
393 1976 508 2042 pacifero
533 1983 559 2026 et
580 1977 663 2027 Musis
681 1979 712 2028 L.
732 1977 794 2027 Feb.
808 1977 961 2027 Valerianus
986 1992 1025 2041 pr.
1049 1993 1089 2042 pr.
1113 1993 1186 2042 prov.
1210 1978 1346 2043 Gala...,
1371 1997 1442 2047 prce.

264 2083 338 2132 prov.
356 2067 479 2118 Ain...
500 2069 590 2118 vis...
609 2068 836 2118 admonitus
856 2067 958 2118 rediens
978 2083 1003 2117 ιι.
1022 2083 1042 2118 s.
1063 2069 1089 2118 d.
1108 2084 1129 2118 s.
1149 2069 1167 2119 l.
1186 2085 1221 2120 m.

223 2157 298 2211 Grut.
313 2159 393 2221 1013,
407 2160 426 2209 4
443 2149 637 2210 ‘Gutenstenius
656 2173 689 2208 ex
707 2149 870 2210 Ursinianis’.

197 2426 351 2490 Summam
377 2429 588 2505 disputationis
615 2438 648 2487 ut
672 2429 776 2504 paucis
799 2429 899 2488 verbis
924 2429 1116 2506 complectar,
1143 2449 1210 2488 cum
1232 2430 1344 2489 dudam
1366 2432 1444 2492 diiii·

113 2529 185 2588 dere
205 2529 396 2589 didicerimus
418 2531 457 2589 iis
478 2549 556 2606 qaae
570 2531 650 2606 apud
667 2529 829 2589 Gruterum
843 2530 984 2607 leguntur
998 2530 1170 2588 auctoribus
1185 2529 1314 2589 laudatis
1331 2529 1444 2592 Guten-

113 2631 213 2689 stenio
234 2630 354 2690 Metello
376 2629 507 2703 Ursino,
537 2631 597 2688 iam
624 2630 823 2688 stabilivimus
848 2649 867 2687 a
889 2627 1087 2688 Gutenstenio
1109 2629 1176 2688 visa
1203 2648 1280 2705 quae
1308 2631 1445 2692 dicuntur

113 2737 178 2788 tum
204 2730 372 2790 damnanda
397 2747 482 2800 ease,
511 2750 577 2789 cum
606 2731 748 2808 descripti
775 2748 842 2788 esse
871 2729 1010 2788 dicuntur
1035 2748 1074 2788 ex
1102 2730 1252 2806 lapidibus
1280 2731 1318 2789 ad
1340 2750 1444 2792 secan-

114 2829 186 2889 dum
211 2830 382 2903 destinatis3
408 2831 583 2890 Metelliana
607 2832 756 2909 exigenda
780 2848 848 2889 esse
874 2829 913 2887 ad
935 2829 1061 2888 schedas
1087 2819 1200 2889 Metelli
1223 2831 1319 2890 adhuc
1341 2850 1445 2908 super·

114 2931 201 2991 stites
228 2939 259 2990 et
283 2931 429 3008 quidquid
455 2933 500 2990 ibi
527 2931 615 2989 aliter
643 2940 691 2989 est
716 2932 765 2990 vel
794 2932 832 2989 ab
860 2932 897 2989 iis
926 2933 1026 3004 abest,
1055 2931 1257 3003 abiciendum
1282 2932 1446 2994 Ursiniana

114 3030 245 3107 denique
269 3051 324 3109 per
345 3031 577 3092 Gutenstenium
603 3030 733 3090 Grutero
754 3033 847 3090 missa
868 3039 1008 3109 suspecta
1029 3050 1097 3090 csse
1119 3031 1220 3090 omnia
1239 3042 1269 3090 et
1290 3033 1445 3094 adsertore

113 3130 222 3189 idoneo
243 3130 399 3190 deficiente
419 3151 459 3190 ex
480 3131 633 3190 titulorum
654 3133 848 3207 probatorum
869 3150 993 3191 numero
1014 3132 1181 3191 eximenda.
1218 3133 1302 3192 Idem
1317 3135 1447 3209 pertinet

114 3231 264 3289 etiamad
286 3250 323 3291 aa
343 3249 421 3308 qaae
442 3240 652 3309 proponuntur
673 3232 753 3308 apud
775 3231 936 3291 Gruterum
959 3232 1014 3291 sub
1035 3233 1130 3291 altero
1153 3240 1220 3291 ntro
1243 3235 1307 3293 sive
1330 3232 1445 3293 Guten·

115 3331 204 3390 stenii
225 3332 289 3391 sive
309 3331 415 3392 Ursini
436 3332 569 3403 nomine3
592 3351 660 3390 nam
683 3334 758 3390 haec
780 3350 899 3408 quoque
919 3352 958 3390 ex
980 3333 1069 3390 trium
1090 3333 1210 3391 illorum
1232 3335 1370 3392 ordinum
1392 3335 1445 3393 ali·

114 3449 175 3508 quo
201 3440 254 3490 aut
274 3442 344 3492 eunt
362 3438 414 3491 aut
434 3449 502 3491 esse
522 3440 658 3509 possunt.
702 3432 877 3508 Proprietas
898 3431 1025 3506 denique
1046 3431 1160 3490 fraudis
1181 3433 1271 3490 huius
1293 3451 1333 3491 ex
1354 3451 1446 3510 supra

113 3531 216 3591 allatis
236 3533 383 3610 exemplis
403 3532 492 3594 facile
513 3531 762 3608 deprehendenda
783 3551 819 3591 ea
839 3539 899 3604 est,
926 3540 1039 3589 utnon
1060 3548 1129 3590 raro
1150 3532 1218 3607 ipsa
1239 3551 1271 3591 se
1292 3543 1443 3611 coarguat.

114 3631 281 3708 Interpolat
302 3630 521 3692 Gutenstenius
543 3633 667 3710 passim,
688 3634 784 3691 rarius
806 3631 955 3707 confingit.
999 3630 1111 3690 Titulis
1133 3633 1271 3709 genuinis
1293 3651 1354 3690 non
1375 3651 1444 3691 raro

115 3731 201 3791 addit
224 3732 305 3791 levis
330 3740 361 3792 et
385 3753 440 3812 per
463 3751 497 3793 se
519 3733 701 3804 tolerabilia,
727 3742 761 3791 ut
781 3733 895 3790 dicrum
916 3750 1074 3790 numerum
1095 3732 1133 3790 ad
1155 3751 1274 3792 menses
1296 3740 1444 3793 stannes

114 3831 298 3892 t'ormulasre
319 3833 482 3894 sollemnes
503 3833 713 3904 dedicatorias,
732 3834 781 3891 vel
801 3834 939 3892 immutat
959 3832 1070 3890 tradita
1090 3833 1236 3906 similiter,
1258 3843 1291 3892 ut
1311 3834 1343 3893 in
1359 3832 1445 3896 Salo·

115 3932 220 3991 nitano
247 3950 303 4009 pro
327 3933 376 3992 die
400 3934 452 3993 111
475 3933 517 3993 id.
539 3935 611 3993 Mai.
638 3934 743 3991 maluit
768 3934 898 3993 scribere
919 3932 963 3992 VI
989 3934 1029 3991 id.
1052 3933 1142 3992 Febr.
1169 3941 1200 3993 et
1225 3935 1269 3994 sic
1294 3935 1443 4013 deinceps.

116 4031 260 4092 Omnium
280 4034 412 4092 maxime
433 4045 531 4094 autem
552 4035 717 4094 delectatur
737 4034 894 4111 pingendis
916 4033 1049 4092 hiatibus
1070 4035 1160 4093 modo
1182 4043 1294 4095 temere
1312 4046 1343 4095 et
1356 4037 1445 4112 quasi

116 4131 280 4192 ludibunde
305 4134 462 4207 admissis,
492 4135 581 4193 modo
608 4135 715 4193 callide
744 4134 783 4192 ad
809 4133 1055 4210 interpolationes
1084 4134 1227 4211 tegendas
1257 4136 1443 4213 excogitatis.

115 4230 274 4292 Hactenus
299 4234 380 4311 sapit
401 4251 494 4310 supra
513 4234 683 4312 Ligerium,
710 4244 744 4292 ut
765 4233 867 4292 Latini
888 4233 1037 4292 sermonis
1057 4234 1188 4312 aliquem
1210 4253 1296 4294 usum
1317 4255 1390 4313 prae
1412 4254 1446 4294 se

115 4331 194 4392 ierat
224 4339 255 4390 et
278 4332 462 4393 Diocletiani
487 4334 722 4411 Maximianique
751 4335 946 4411 praenomina
977 4343 1057 4392 recte
1088 4334 1259 4393 adscribere
1292 4334 1444 4405 didicerit;

115 4439 274 4510 praeterea
299 4433 349 4492 hic
373 4453 494 4512 quoque
520 4435 592 4495 artis
617 4443 737 4494 nostrae
759 4434 863 4494 Bonus
885 4433 1020 4493 Eventus
1044 4433 1129 4506 iecit,
1157 4443 1190 4491 ut
1210 4434 1331 4493 fraudes
1353 4434 1445 4492 comi·

116 4538 254 4592 tarentus
275 4534 396 4594 inscitia
421 4542 452 4595 et
470 4535 605 4595 infantia.
648 4537 676 4594 A
696 4536 868 4611 Ligorianis
890 4544 988 4594 autem
1014 4532 1256 4594 Gutensteniana
1276 4535 1329 4610 qui
1349 4544 1445 4593 artem

117 4632 207 4693 callet
236 4652 296 4692 non
330 4634 428 4695 minus
455 4644 537 4696 certo
564 4656 619 4696 nec
647 4636 798 4695 difficilius
828 4636 980 4712 separabit
1006 4653 1097 4710 quam
1125 4635 1177 4712 qui
1202 4635 1300 4714 poetis
1326 4634 1445 4694 Latinis

117 4752 238 4811 operam
260 4734 407 4796 dederunt
427 4737 602 4814 Vergiliana
623 4737 661 4795 ab
685 4734 843 4795 Ovidianis
865 4736 1059 4814 distinguunt.
