3480 5804
204 513 300 564 oe-oo
628 509 1112 571 vonnnmomssmenvn.
1484 492 1530 561 21

205 680 252 740 54
277 683 309 739 in
336 682 404 757 ipsa
429 682 527 756 pinea.
571 681 735 739 Praeneste
760 680 791 737 in
817 679 909 739 fundo
937 680 1015 739 dioto
1042 681 1073 739 la
1097 680 1270 741 Colomdello
1296 700 1358 758 rep.
1386 700 1425 740 m.
1449 679 1532 757 Sept.

246 801 273 839 a.
293 781 381 841 1868.
424 780 525 840 Hodie
547 785 577 838 ai
594 785 685 857 proti.

702 914 786 958 101Νο
802 930 809 944 ·
826 916 944 959 cvm·
960 916 998 957 1.·
1015 917 1031 958 1³

205 1034 367 1093 Henzenus
389 1036 428 1092 ad
449 1043 589 1112 ectypum
611 1035 736 1094 missum
756 1055 776 1094 a
797 1036 837 1094 D.
859 1035 1017 1093 Bonannio
1039 1034 1121 1093 Ruti.
1147 1033 1224 1093 1869
1247 1056 1276 1112 p.
1296 1035 1362 1094 164.

245 1133 293 1193 cf.
317 1156 346 1193 n.
363 1136 411 1194 50.

204 1338 248 1399 55
275 1341 307 1398 in
333 1343 467 1417 margine
494 1342 635 1401 inferiore
662 1344 744 1402 basis
771 1343 915 1433 rotundae
941 1343 1055 1418 pineae.
1098 1342 1263 1402 Praeneste
1289 1342 1434 1402 infundo
1456 1342 1534 1401 dioto

247 1442 277 1499 la
301 1443 472 1513 Colotnbello
493 1463 556 1519 rep.
579 1462 618 1502 m.
640 1442 725 1520 Sept.
749 1463 774 1501 a.
795 1444 883 1503 1868.
926 1442 1025 1500 Hodie
1048 1447 1078 1502 αἱ
1095 1447 1187 1520 prati.

799 1578 811 1625 (
831 1592 838 1606 ·
854 1578 943 1620 nino!

204 1695 365 1755 Henzenus
393 1697 431 1755 ad
457 1705 596 1774 ectypum
621 1699 746 1757 missum
773 1716 791 1755 a
813 1698 852 1756 D.
874 1697 1034 1755 Bonannio
1055 1697 1136 1755 Ball.
1163 1696 1241 1756 1869
1263 1697 1387 1774 p.166;
1416 1696 1533 1774 plenius

204 1796 508 1874 Trendelenburgius.

205 2000 251 2061 56
277 2003 308 2061 in
334 2005 401 2062 basi
428 2006 574 2079 quadrata
600 2005 713 2079 pineae.
757 2006 922 2064 Praeneste
947 2006 979 2064 in
1006 2005 1100 2064 fundo
1121 2004 1202 2063 dioto
1225 2004 1256 2061 la
1278 2004 1450 2064 Colombella
1471 2022 1533 2080 rep.

246 2124 284 2162 m.
308 2103 391 2183 Sept
413 2126 440 2164 a.
458 2104 547 2164 1868.
591 2105 690 2165 Hodie
712 2111 742 2165 ai
759 2111 849 2182 proti.

743 2257 786 2300 CN
803 2271 810 2286 ·
827 2257 915 2300 mum
932 2269 938 2284 ·
954 2258 995 2300 ctt

976 2340 993 2381 F

204 2457 367 2516 Henzenus
388 2458 427 2516 ad
448 2465 588 2533 ectypum
610 2459 736 2518 missum
759 2477 778 2515 a
798 2457 838 2515 D.
861 2457 1021 2516 Bonannio
1042 2457 1124 2516 Ball.
1151 2457 1229 2516 1869
1253 2457 1368 2534 p.165.

204 2661 250 2722 57
273 2666 304 2723 in
325 2664 394 2742 ipsa
415 2665 514 2741 pinea.
556 2663 720 2722 Praeneste
741 2682 805 2739 rep.
828 2661 978 2722 Galeassi.

655 2814 699 2856 on
714 2827 722 2842 ·
738 2814 885 2855 omnnem
901 2826 909 2841 ·
923 2813 991 2856 enis
1005 2826 1013 2842 ·
1029 2798 1048 2854 t
1069 2814 1084 2855 e

203 2935 353 3012 Eotypum
375 2935 459 2994 misit
479 2934 641 2993 Henzenus
662 2942 816 3009 acceptum
839 2953 858 2991 a
879 2931 1035 2993 Cicerohia
1055 2932 1208 3009 ediditque
1229 2931 1312 2991 Bate.
1331 2931 1411 2993 1864
1432 2953 1462 3011 p.
1479 2934 1533 3007 223

203 3045 311 3112 postea
334 3036 409 3094 vidit
429 3037 505 3112 ipse.

244 3153 391 3194 ninnrnni
424 3156 525 3195 errore
547 3137 699 3215 ,seriptum
731 3153 799 3194 esse
831 3153 887 3212 pro
919 3150 1008 3193 ornet
1039 3134 1152 3194 iudicat
1178 3133 1342 3194 Henzenus
1374 3145 1463 3197 reote.
1493 3170 1533 3181 —

203 3238 324 3295 Editum
347 3246 393 3296 est
413 3237 525 3308 insin
555 3245 662 3311 postea
682 3235 844 3294 Henzenus
872 3235 972 3310 lepide
1000 3237 1135 3310 inspecto
1163 3234 1265 3294 videre
1294 3236 1352 3294 sibi
1372 3238 1457 3297 visus
1487 3249 1534 3298 est

202 3353 271 3396 onis
287 3368 292 3380 ·
307 3339 357 3395 te
383 3337 473 3412 idque
500 3356 556 3396 nos
581 3355 701 3413 quoque
727 3337 758 3394 in
779 3345 886 3412 ectypo
908 3337 1007 3413 legere
1029 3335 1179 3406 videmur,
1205 3337 1418 3414 confirmatque
1438 3339 1533 3398 Treo-

203 3437 425 3514 deienburgius.

204 3641 250 3702 58
277 3644 307 3701 in
333 3643 467 3721 margine
493 3642 634 3701 inferiore
660 3642 743 3700 basis
768 3640 915 3700 rotundae
939 3641 1056 3718 pineae.
1100 3641 1265 3701 Praeneste
1285 3642 1317 3702 in
1338 3643 1431 3703 fundo
1453 3644 1531 3703 dioto

246 3745 276 3803 ia
300 3744 471 3806 Colomdella
492 3763 555 3821 rep.
577 3762 617 3802 m.
642 3741 724 3820 Sept.
747 3761 775 3800 a.
794 3743 882 3802 1868.
926 3741 1026 3801 Hodie
1046 3746 1078 3801 oi
1093 3748 1186 3819 prati.

700 3877 1008 3923 .t·n1nnto·t·t²

203 3999 364 4059 Henzenus
386 3999 425 4058 ed
446 4005 587 4076 ectypum
608 3998 734 4056 missum
756 4016 776 4055 a
797 3996 836 4055 D.
859 3996 1016 4056 Bonannio
1037 3997 1119 4057 Ball.
1146 3997 1224 4057 1869
1247 4017 1276 4076 p.
1295 3998 1363 4058 164.

204 4204 250 4265 to
272 4209 303 4264 in
324 4207 390 4265 basi
411 4206 558 4282 quadrata
577 4205 694 4281 pineae.
731 4203 894 4264 Praeneste
916 4205 947 4262 in
968 4203 1062 4263 fundo
1083 4204 1182 4264 Hann.
1198 4205 1385 4265 Bernardini.
1422 4205 1532 4263 Adhuc

243 4306 362 4364 ibidem·
735 4359 775 4399 Α·
793 4355 937 4400 enoeeivs
952 4369 959 4385 ·
974 4358 1001 4399 ns

978 4438 995 4479 r

203 4542 385 4603 Emendavit
405 4541 711 4616 Trendeienburgius.
754 4541 930 4599 Bonannius
946 4540 1035 4644 Poll.
1061 4541 1140 4599 1870
1161 4561 1190 4618 p.
1210 4541 1278 4598 106.

244 4645 309 4702 Iam
332 4643 525 4701 confirmatur
546 4642 787 4718 supplementum
808 4641 832 4713 Ι,
851 4641 909 4699 105
931 4641 1118 4715 propositum
1141 4656 1254 4709 sperare
1269 4669 1276 4685 ·
1292 4656 1312 4700 c
1326 4670 1333 4685 ·
1349 4656 1374 4699 ιτ.

204 4850 253 4910 60
276 4852 306 4908 in
329 4850 396 4909 basi
417 4849 562 4925 quadrata
583 4847 698 4925 pineae.
734 4846 899 4904 Praeneste
920 4846 952 4903 in
972 4845 1065 4905 fundo
1081 4845 1181 4906 Hono.
1198 4846 1384 4907 B'ernardini.
1421 4848 1529 4908 Adhuc

245 4951 364 5009 ibidem.
714 5001 740 5042 n
755 5011 762 5027 ·
778 4996 908 5042 moesto
923 5013 930 5027 ·
946 4999 987 5044 c·
1004 4999 1019 5041 s

203 5104 379 5164 Bonannius
399 5105 480 5162 Bell.
506 5103 585 5180 1870
606 5122 636 5181 p.
655 5101 723 5162 106.
