3480 5804
215 489 286 559 150
619 531 625 537 -
784 506 967 559 uouusau

295 678 323 735 3.
365 677 402 735 L.
424 674 607 753 Calpurnius
629 677 702 736 Piso
728 677 835 737 consul
857 675 950 748 abl,
979 676 1059 735 filius
1080 675 1116 734 L.
1140 675 1260 736 Pisonis
1281 678 1414 737 consulis
1441 698 1469 737 a.
1486 677 1539 751 27,

210 779 383 837 interfectus
404 778 436 835 in
457 777 560 836 Africa
581 796 607 834 a.
626 778 675 850 69,
697 777 734 836 de
754 797 815 854 quo
837 777 899 835 dixi
920 778 950 834 in
972 777 1068 835 indies
1088 777 1230 836 Pliniana
1251 796 1281 853 p.
1298 778 1369 836 405.

295 879 337 937 Hi
359 887 419 938 tres
441 878 481 936 ad
498 879 630 947 Atticum
652 879 769 937 titulum
791 897 870 951 eam,
892 878 929 937 de
951 895 1011 954 quo
1033 877 1159 954 agimus,
1180 898 1235 956 per
1257 896 1289 937 se
1310 879 1377 956 pari
1398 878 1464 937 iure
1486 879 1539 938 ad·

211 980 289 1038 mitti
316 997 408 1056 posse
429 980 579 1051 videntur3
606 979 742 1039 similiter
767 988 800 1037 ut
826 979 873 1037 cui
900 978 990 1037 simul
1017 986 1116 1037 statua
1141 980 1242 1056 posita
1267 988 1313 1038 est
1337 981 1378 1038 M.
1401 979 1539 1039 Licinius

212 1081 253 1138 M.
276 1081 296 1138 f.
312 1080 406 1156 Frugi
427 1088 528 1157 potest
546 1079 642 1138 fuisse
663 1090 694 1138 et
714 1079 819 1139 consul
839 1097 866 1137 a
884 1079 922 1137 27
943 1086 974 1139 et
994 1079 1103 1138 consul
1124 1099 1150 1138 a.
1168 1080 1217 1138 04.
1253 1080 1417 1138 Videamus
1438 1081 1539 1156 igitur,

211 1200 280 1241 num
309 1182 387 1239 iuter
407 1181 463 1238 has
485 1198 630 1256 personas
651 1199 707 1256 par
727 1179 849 1256 aliquod
870 1180 1038 1257 reperiatur
1058 1181 1102 1238 ita
1122 1180 1327 1252 coniunctum,
1353 1191 1386 1240 ut
1407 1182 1537 1240 necessi·

211 1282 282 1341 tudo
311 1282 525 1341 dubitationem
553 1282 675 1339 eximat.
726 1278 786 1340 Sed
815 1290 848 1339 ut
875 1280 913 1339 de
940 1281 998 1339 hac
1024 1281 1245 1353 necessitudine
1272 1289 1352 1340 recte
1379 1282 1539 1354 iudicetur,

210 1390 299 1441 antea
313 1382 471 1441 videndum
486 1392 542 1455 est,
565 1401 636 1439 num
654 1380 731 1440 forte
746 1381 936 1455 determinari
950 1384 1056 1460 possit,
1078 1391 1146 1443 uter
1159 1401 1262 1440 eorum
1278 1384 1410 1442 virorum
1424 1383 1456 1441 in
1470 1383 1538 1442 basi

209 1484 264 1542 illa
291 1484 404 1558 duplici
432 1484 532 1541 locum
560 1483 781 1540 honoratiorem
810 1492 946 1560 occupet.
988 1483 1025 1541 Id
1051 1502 1090 1541 ex
1119 1483 1188 1561 ipsa
1214 1483 1412 1543 collocatione
1440 1483 1537 1543 decidi

209 1602 300 1662 posse
328 1584 448 1661 negavit
468 1581 693 1658 Dittenbcrger3
719 1584 843 1659 reperiri
866 1583 995 1642 Athenis
1020 1585 1110 1644 bases
1136 1583 1211 1643 duas
1238 1584 1326 1644 binas
1347 1591 1465 1643 statuas
1486 1585 1536 1643 ha·

209 1688 329 1757 beatas,
356 1703 483 1761 quarum
508 1684 605 1743 altera
629 1692 745 1760 patrem
765 1684 888 1744 Eubioti
909 1683 1064 1744 cuiusdam
1084 1684 1194 1743 habeat
1214 1685 1341 1744 intuenti
1363 1704 1382 1743 a
1402 1686 1536 1758 sinistra,

208 1795 335 1845 matrem
360 1785 493 1844 eiusdem
519 1804 537 1843 a
563 1784 683 1855 dextra,
710 1784 805 1842 altera
825 1785 953 1844 intuenti
974 1805 993 1844 a
1013 1785 1136 1844 sinistra
1158 1784 1317 1845 Claudiam
1337 1785 1536 1845 Athenaidem

209 1887 312 1946 nescio
338 1904 443 1962 quam,
471 1905 490 1943 a
517 1884 624 1943 dextra
645 1885 693 1943 Ti.
717 1883 875 1945 Claudium
897 1885 1051 1945 Herodem
1072 1887 1207 1945 Atticum
1234 1896 1314 1946 certe
1334 1887 1389 1945 illa
1408 1888 1536 1946 honora·

153 1984 159 1995 '
209 1988 324 2046 tiorem.
368 1987 411 2044 At
435 1986 467 2044 in
493 1987 550 2044 hoc
575 1994 678 2045 nostro
706 1985 792 2044 titulo
817 1986 948 2064 priorem
974 1987 1072 2047 locum
1097 1987 1231 2046 obtinere
1252 1987 1348 2046 virum
1369 1989 1537 2051 intuentia

209 2089 331 2147 smistra
351 2088 480 2164 positum
502 2085 571 2146 inde
592 2086 717 2163 colligo,
744 2086 825 2164 quod
846 2088 1043 2164 praescriptio
1065 2088 1104 2147 ad
1126 2098 1284 2165 utrumque
1304 2088 1423 2148 titulum
1445 2090 1535 2165 perti·

207 2207 283 2248 nens
312 2182 435 2259 ὃδῆμος
456 2189 525 2246 huie
547 2187 604 2246 soli
625 2187 818 2264 superposita
838 2197 893 2247 est.
937 2186 1035 2262 Quam
1056 2191 1095 2249 ob
1116 2208 1180 2247 rem
1200 2189 1363 2265 quaerendi
1384 2198 1455 2249 sunt
1476 2191 1535 2249 duo

207 2291 343 2349 homiues
364 2298 430 2347 arta
451 2289 631 2347 necessitate
651 2287 812 2360 coniuncti,
834 2306 960 2365 quorum
976 2291 1061 2366 prior
1074 2298 1104 2349 et
1117 2291 1217 2366 potior
1230 2291 1400 2367 appelletur
1412 2290 1450 2350 1..
1466 2289 1536 2352 cal·

208 2391 333 2468 purnius
353 2389 390 2449 L.
411 2390 433 2447 t'.
455 2389 540 2460 Piso,
562 2388 639 2447 alter
659 2389 700 2446 M.
722 2388 857 2448 Licinius
879 2390 920 2448 M.
942 2389 964 2448 s.
986 2390 1090 2468 Frugi.

291 2490 365 2549 Mihi
387 2492 493 2548 harum
514 2490 646 2566 gentium
669 2490 862 2565 cognationes
882 2489 1103 2565 affinitatesque
1124 2492 1305 2568 expendenti
1327 2493 1404 2551 duae
1419 2494 1536 2554 coniec-

207 2603 293 2652 turae
317 2609 350 2650 se
377 2585 605 2663 obtulerunt¹),
633 2607 760 2665 quarum
786 2589 856 2648 licet
880 2589 1005 2648 alteram
1032 2589 1127 2648 altera
1144 2592 1376 2669 probabiliorem
1397 2594 1535 2667 iudicem,

208 2701 309 2751 tamen
336 2710 374 2749 ne
402 2689 536 2747 fraudem
563 2688 672 2747 secisse
701 2689 804 2757 videar
832 2690 983 2748 reticendo
1009 2691 1108 2751 miuus
1135 2672 1335 2767 probabilem,
1366 2712 1536 2771 proponam

207 2801 373 2868 utramque.
416 2791 551 2848 Primum
573 2806 667 2865 supra
686 2789 815 2848 vidimus
836 2791 877 2848 M.
894 2788 1001 2850 Crassi
1022 2791 1114 2868 Frugi
1136 2794 1271 2852 consulis
1293 2813 1320 2853 a.
1337 2794 1377 2855 64
1399 2813 1536 2855 sororem

206 2893 348 2971 nupsisse
369 2891 404 2950 L.
427 2890 534 2948 Pisoni
554 2890 687 2967 pontifici
708 2890 878 2967 eidemque,
905 2892 966 2950 nisi
986 2901 1092 2951 nostra
1111 2912 1167 2953 nos
1188 2894 1269 2952 fallit
1288 2896 1439 2971 opinatio,
1464 2914 1536 2956 con·

204 2995 267 3053 suli
293 3011 321 3050 a.
336 2991 385 3049 57.
428 2990 470 3049 Hi
496 2989 556 3048 duo
583 2990 675 3049 irater
704 2992 878 3068 sororisque
903 2993 1029 3052 maritus
1054 3012 1114 3052 non
1135 2994 1235 3071 inepte
1255 3004 1417 3070 potuerunt
1438 2996 1534 3056 eidem

207 3094 274 3153 basi
300 3091 427 3168 imponi,
455 3110 510 3150 neo
536 3091 600 3151 sine
627 3110 717 3150 causa
736 3094 915 3170 praeoedere
936 3093 962 3150 is
984 3094 1036 3170 qui
1056 3094 1139 3171 prior
1159 3114 1261 3155 eorum
1284 3096 1323 3153 ad
1344 3098 1534 3157 consulatum

206 3193 400 3270 pervenisset.
422 3225 461 3234 -
493 3193 535 3250 At
560 3192 585 3250 si
613 3211 682 3252 vere
709 3209 801 3269 supra
825 3194 982 3270 posuimus
1007 3193 1045 3252 L.
1066 3195 1209 3255 Pisonem
1237 3197 1392 3256 consulem
1424 3216 1452 3256 a
1472 3198 1533 3259 739

206 3306 320 3373 patrem
347 3294 513 3353 naturalem
539 3293 632 3353 fuisse
660 3294 701 3352 M.
724 3291 829 3354 Crassi
851 3293 946 3373 Frugi
971 3295 1105 3354 consulis
1131 3316 1158 3355 a.
1175 3296 1225 3370 27,
1251 3298 1341 3375 longe
1364 3300 1465 3376 aptius
1490 3300 1536 3359 ita

205 3399 369 3475 iunguntur
389 3401 474 3470 pater
495 3401 525 3455 et
545 3395 637 3468 filius,
659 3413 783 3473 eamque
804 3397 1005 3456 coniecturam
1027 3396 1086 3457 iam
1107 3398 1254 3474 praefero.

283 3668 307 3731 ¹)
335 3669 486 3734 Nipperdeii
510 3669 554 3730 (ad
573 3671 636 3720 Tae.
657 3685 716 3720 ann.
736 3670 821 3732 6,10)
843 3671 990 3721 coniectura
1008 3673 1193 3737 intellegendos
1213 3689 1269 3724 esse
1286 3674 1317 3726 L.
1336 3674 1460 3727 Pisonem
1479 3692 1535 3728 cos.

206 3776 230 3810 a.
241 3761 292 3810 730
312 3766 337 3808 et
355 3759 393 3808 M.
411 3760 531 3810 Crassum
550 3776 602 3809 eos.
621 3775 645 3809 a.
660 3763 722 3822 740,
742 3777 806 3825 quos
824 3776 947 3824 generum
966 3777 1132 3828 socerumque
1151 3779 1206 3813 esse
1224 3771 1305 3830 putat,
1325 3781 1383 3815 cum
1404 3767 1437 3816 iis
1456 3781 1534 3832 argu·

205 3851 297 3899 mentis
315 3848 448 3911 refutatur,
472 3865 538 3914 quae
556 3865 634 3915 supra
651 3852 733 3912 attuli,
753 3858 807 3900 tum
826 3853 896 3917 quod
914 3854 951 3901 ita
967 3860 1131 3918 praepostere
1148 3870 1227 3919 gener
1245 3869 1336 3905 socero
1353 3859 1534 3922 praeponitur.

204 3940 234 3992 si
258 3940 302 4003 qui
326 3939 420 4016 cogitet
437 3940 469 3988 de
488 3940 608 3991 frutribus
626 3941 664 3991 M.
678 3941 771 3992 Crasso
790 3942 869 4007 Frugi
888 3958 940 3993 cos.
959 3957 983 3993 a.
998 3943 1034 3994 64
1052 3951 1079 3993 ct
1095 3945 1125 3995 L.
1145 3944 1241 3995 Pisone
1260 3946 1381 4013 adoptato
1400 3962 1417 3998 a
1435 3948 1534 4013 Galba,

202 4031 264 4080 item
288 4029 412 4091 obstabit,
437 4032 507 4096 quod
529 4033 567 4082 ita
588 4032 670 4082 maior
691 4032 772 4082 frater
794 4034 888 4084 minori
911 4034 995 4084 locum
1014 4034 1094 4097 cedit3
1117 4042 1251 4101 praeterea
1268 4038 1390 4088 Pisonem
1410 4054 1470 4090 eum
1486 4038 1534 4092 M.

202 4121 284 4171 lilium
308 4136 378 4182 esse,
401 4136 454 4172 non
477 4123 549 4173 Lucii
573 4139 651 4188 supra
671 4124 781 4175 vidimus
804 4140 853 4175 nec
874 4131 942 4176 reete
966 4127 1048 4175 omitti
1073 4128 1156 4191 potuit
1174 4143 1316 4194 cognomen
1335 4131 1534 4195 quodammodo

201 4204 283 4277 κύριον
301 4212 438 4263 Liciniani.
527 4217 529 4221 ’
