3480 5804
210 549 279 619 140
777 560 960 615 nouusun

290 736 404 797 Crasso
425 734 540 794 consuli
561 752 588 792 a.
605 732 642 791 37
666 734 771 809 nupsit
783 729 941 793 Scribonia
962 731 1115 789 nominata
1134 730 1215 806 apud
1230 727 1374 791 Senecam
1395 728 1442 804 (in
1462 747 1534 805 apo·

205 840 321 898 theosis
336 858 361 898 c.
376 837 427 913 li)
441 844 472 894 et
485 835 623 894 Tacitum
639 833 722 909 (hist.
741 836 767 906 l,
781 833 833 910 11)
848 841 879 892 et
892 831 1087 890 Plutarchum
1102 829 1206 906 (Gaio.
1219 829 1284 908 33),
1305 832 1392 891 euirrs
1408 840 1535 889 stemma

208 941 321 1000 subieci
348 938 532 996 emendatius
560 937 667 1010 opinor
695 952 731 992 eo
759 933 838 1010 quod
866 932 1022 1010 proposuit
1049 933 1292 1009 Borghesius¹);
1322 933 1360 991 ab
1389 950 1428 990 eo
1454 931 1533 989 enim

209 1047 364 1099 stemmate
386 1039 461 1100 haeo
483 1037 649 1114 disputatio
672 1036 720 1094 vel
741 1036 873 1093 maxime
894 1033 1021 1111 pendete

228 1190 283 1252 Cn.
295 1190 457 1267 Pompeius
467 1189 595 1268 Magnus
627 1150 1217 1249 Μ
1228 1213 1266 1240 υ
1279 1182 1393 1245 Caesar
1407 1194 1513 1262 postea

371 1271 467 1344 †706
754 1285 816 1328 cos.
833 1266 893 1325 730
1243 1264 1249 1411 Ι
1298 1265 1495 1345 Augustus¹)

133 1440 137 1450 '
239 1427 311 1488 Sex.
335 1428 498 1503 Pompeius
520 1427 647 1502 Magnus
681 1457 719 1484 υ
754 1350 912 1486 Scri'bouia
1208 1422 1288 1483 Iulia
1306 1430 1378 1481 nata
1398 1420 1461 1479 715

695 1504 701 1649 ι
1243 1502 1249 1647 ι

228 1664 264 1723 L.
281 1663 457 1724 Scribonius
471 1663 549 1722 Libo
571 1693 609 1887 ἶ
632 1662 778 1739 Pompeia
1169 1658 1339 1736 Agrippina
1353 1688 1392 1885 ἶ
1408 1655 1530 1755 Germa·

1428 1758 1511 1799 nicus

226 1915 775 1947 μ--ϋ--η
1030 1909 1526 1943 n——n——d—-e

226 1951 262 2009 L.
276 1949 395 2010 Scribo-
415 1951 456 2008 M.
471 1949 590 2011 Scribo-
612 1949 820 2011 Scriboniau
834 1949 874 2007 M.
886 1947 1018 2008 Crassus
1040 1947 1123 2006 Nero
1134 1946 1210 2007 Cae·
1230 1947 1352 2006 Drusus
1374 1944 1409 2006 C.
1421 1944 1533 2005 Caesar

234 2034 301 2091 nius
316 2032 352 2091 L.
367 2034 388 2092 i.
421 2032 585 2091 niusLibo
834 2032 929 2107 Frugi
941 2048 1003 2089 cos.
1068 2048 1119 2088 sar
1140 2034 1184 2088 u.
1232 2027 1347 2089 Caesar
1374 2028 1531 2089 n.ttt=

236 2115 387 2174 Liboeos.
425 2114 583 2193 Drusus⁸)
837 2111 1007 2174 780=27
1052 2112 1201 2170 760=t
1433 2111 1472 2169 13

227 2198 391 2258 769216
434 2219 479 2275 pr.
503 2198 563 2257 769

288 2382 325 2439 In
341 2380 528 2441 Scriboniam
543 2379 647 2440 Crassi
670 2399 794 2438 uxorem
817 2398 884 2439 cum
906 2379 977 2438 item
999 2377 1160 2437 conveniat
1179 2378 1260 2452 quod
1281 2378 1319 2437 de
1339 2378 1432 2437 fratre
1450 2396 1535 2456 prse-

204 2480 285 2541 dicat
306 2482 430 2539 Tacitus
454 2482 536 2556 (ann.
558 2481 591 2553 3,
612 2480 666 2554 37)
695 2499 840 2555 proavum
865 2480 893 2537 ei
920 2479 1015 2536 fuisse
1040 2477 1232 2552 Pompeium,
1261 2478 1384 2537 amitam
1414 2468 1535 2555 (nempe

205 2583 326 2640 amitam
348 2581 501 2652 maiorem,
523 2580 628 2656 proavi
651 2577 799 2653 sororem)
820 2577 1007 2639 Scriboniam
1022 2577 1164 2655 Augusti,
1186 2578 1385 2641 consobrinos
1406 2579 1536 2656 (scilicet

204 2682 311 2741 latiore
333 2681 560 2757 significatione,
582 2697 643 2755 qua
656 2678 833 2738 vocabulum
861 2677 1067 2754 complectitur
1088 2677 1179 2736 etiam
1199 2686 1286 2737 natos
1307 2698 1346 2737 ex
1360 2680 1535 2757 parentibus

204 2784 283 2842 inter
309 2801 341 2841 se
370 2781 515 2856 sobrinis)
543 2778 706 2851 Caesares,
732 2779 872 2837 nimirum
900 2778 1089 2856 Agrippinae
1114 2777 1194 2836 filios
1221 2776 1372 2839 Neronem
1397 2780 1535 2841 Drusum

207 2882 333 2953 Gaium,
356 2883 409 2940 vix
431 2881 494 2938 ulla
513 2881 621 2939 domus
644 2899 680 2939 eo
702 2887 835 2957 tempere
856 2880 913 2939 fuit
933 2896 1043 2954 aeque,
1072 2885 1104 2936 ut
1125 2877 1250 2938 Tacitus
1272 2880 1328 2953 ait,
1353 2880 1536 2960 imaginibus·

205 2984 303 3060 piena.
347 2982 382 3039 Id
409 2981 489 3057 quod
512 2980 600 3038 etiam
628 2981 723 3056 magis
746 2981 862 3039 obtinet
882 2979 920 3038 de
941 2979 1031 3037 domo
1052 2978 1083 3036 in
1105 2997 1196 3055 quam
1217 2980 1285 3057 ipsa
1305 2980 1433 3042 deducta
1452 2962 1535 3044 esset

206 3101 274 3141 eum
296 3081 360 3141 suis
382 3082 564 3159 imaginibus
585 3080 769 3140 Liciniorum
786 3079 967 3140 Crassorum
989 3079 1099 3157 Frugi3
1120 3098 1190 3138 uam
1211 3090 1329 3157 praeter
1348 3083 1433 3160 ipsos
1453 3080 1536 3144 Liciss

206 3184 273 3242 nica
295 3181 424 3242 Crassos
450 3182 540 3240 trium
568 3182 706 3258 stirpium
734 3180 992 3240 nobilissimarum
1018 3180 1163 3239 Pisonum
1184 3180 1295 3258 Frugi,
1322 3182 1536 3263 Pompeiorum

205 3283 395 3361 Magnorum,
418 3280 642 3343 Scriboniorum
660 3282 809 3342 Libanum
830 3289 899 3358 post
920 3281 1037 3340 virilem
1058 3283 1251 3358 propaginem
1274 3284 1434 3345 extinctam
1456 3277 1541 3363 quae

206 3385 329 3444 ultimae
351 3383 560 3459 superfuerant
580 3384 661 3443 tiliae
683 3383 864 3444 matrimonii
885 3383 949 3442 iure
971 3384 1001 3442 in
1017 3401 1083 3442 earn
1096 3383 1215 3442 domum
1229 3385 1410 3446 transierant
1423 3388 1535 3463 potuit·

283 3631 307 3695 ¹)
334 3630 401 3697 Opp.
416 3632 441 3693 5,
457 3632 507 3682 301
529 3638 554 3681 et
572 3631 641 3695 apud
660 3631 848 3696 Nipperdeium
866 3630 900 3680 ad
919 3629 1003 3680 Taciti
1018 3643 1078 3680 aun.
1093 3631 1118 3692 3,
1133 3632 1177 3680 37.
1208 3622 1274 3681 Eum
1293 3632 1373 3681 secuti
1391 3639 1452 3683 suut
1470 3634 1536 3699 Nip-

205 3722 324 3786 perdeius
337 3724 354 3772 1.
369 3738 392 3773 c.
410 3730 437 3771 et
447 3721 612 3772 Lehmannus
625 3722 652 3771 in
665 3721 717 3772 tab.
727 3722 760 3772 V.
793 3721 948 3774 Differentia
960 3721 987 3770 in
1001 3735 1032 3771 eo
1045 3721 1160 3783 vertimr,
1180 3722 1248 3789 quod
1261 3722 1400 3788 Pompeiae
1412 3725 1535 3776 maritum

205 3806 363 3877 Borghesius
382 3813 470 3863 statuit
487 3811 567 3861 fuisse
585 3812 622 3860 Μ.
642 3812 744 3861 Livium
762 3811 878 3862 Drusum
895 3812 1023 3862 Libonem
1041 3812 1171 3862 consulem
1190 3826 1214 3863 a.
1225 3813 1287 3876 739,
1306 3820 1395 3865 uatum
1415 3828 1449 3865 cx
1464 3814 1537 3869 Scri·

206 3903 284 3953 bonio
297 3904 397 3953 Libone
415 3903 511 3967 aliquo,
532 3902 682 3966 adoptatum
701 3917 717 3951 a
735 3901 774 3952 M.
793 3903 868 3952 Livio
886 3901 973 3951 Druso
988 3901 1131 3953 Claudiano
1149 3909 1222 3967 patre
1240 3904 1331 3955 Liviae
1344 3906 1464 3970 Augusti.
1496 3909 1537 3958 At

205 3994 317 4058 primum
335 3993 435 4043 Drusus
453 3993 520 4043 Libo
542 3993 586 4042 iiie
604 3992 636 4042 ab
655 3992 794 4057 adoptione
813 3993 911 4042 alienus
930 4000 981 4054 est,
1006 4008 1063 4042 eum
1083 3993 1186 4044 Murcus
1204 3994 1259 4058 ipse
1277 3995 1336 4045 item
1355 3996 1386 4047 L.
1405 3996 1425 4049 1.
1445 3970 1536 4063 appel-¹

206 4085 285 4145 letur3
310 4099 371 4134 nam
392 4085 461 4134 iilius
483 4083 618 4147 adoptianis
641 4091 670 4132 ut
692 4098 786 4133 nomeu
812 4084 848 4133 ita
871 4097 1028 4148 praenomen
1051 4098 1068 4133 ιι
1089 4091 1161 4148 patre
1186 4084 1308 4150 adoptivo
1327 4087 1440 4137 mutuari
1458 4088 1536 4139 solet.

205 4175 309 4226 Deinde
327 4191 392 4240 quos
410 4176 478 4224 iiiios
496 4176 550 4224 eius
569 4175 654 4238 posuit
665 4173 822 4237 Borghesius
836 4175 866 4225 L.
880 4175 1006 4224 Libonem
1027 4175 1157 4225 consulem
1176 4190 1199 4225 a.
1211 4176 1254 4237 16,
1273 4176 1312 4227 Μ.
1324 4177 1452 4228 Libonem
1463 4178 1536 4230 Dm·

205 4282 263 4317 sum
280 4274 424 4330 praetorem
443 4266 533 4316 eodem
553 4279 636 4326 anuo,
660 4264 822 4316 Scriboniam
843 4264 943 4327 Crassi,
968 4280 1057 4315 omnes
1075 4274 1175 4316 constat
1191 4282 1244 4317 non
1263 4267 1351 4317 Lirios
1368 4268 1462 4330 tuisse,
1486 4270 1536 4320 sed

205 4356 363 4410 Scribonios.
401 4355 529 4422 Equidem
553 4354 705 4405 crediderim
724 4356 855 4406 consulem
876 4356 967 4407 1.·130
990 4356 1098 4408 Libonis
1117 4371 1258 4421 cognomen
1278 4358 1422 4409 unxissent
1441 4367 1535 4422 mette,

205 4462 271 4512 quae
295 4462 369 4498 soror
391 4448 470 4497 fuisse
490 4452 574 4511 potest
591 4446 743 4499 Scribonius
765 4447 889 4512 Augusti,
914 4454 1058 4512 praetorem
1082 4455 1167 4498 autem
1191 4462 1214 4499 a
1232 4449 1265 4499 16
1284 4448 1405 4501 heredem
1423 4449 1537 4503 sortasse

204 4540 348 4590 institutum
367 4553 384 4589 a
402 4539 506 4589 consule
524 4553 549 4588 a.
563 4538 615 4589 739
634 4545 770 4603 propterea
788 4539 867 4591 Drusi
886 4552 1028 4603 cognomen
1047 4538 1155 4589 alterum
1173 4539 1322 4591 adscivisse.

281 4627 307 4690 ²)
335 4629 376 4681 Ci.
394 4628 531 4680 Drumann
544 4631 571 4691 4,
586 4628 648 4680 303.
680 4629 758 4680 Adde
776 4630 812 4680 ibi
831 4631 902 4681 locos
920 4629 1034 4682 Senecae
1053 4644 1093 4695 ep.
1109 4632 1152 4692 70,
1170 4632 1203 4682 10
1223 4640 1248 4681 et
1266 4632 1352 4683 Taciti
1370 4646 1431 4683 sun.
1446 4635 1472 4695 3,
1487 4635 1534 4695 37,

205 4735 313 4784 quorum
325 4721 369 4769 ilie
382 4721 494 4771 ostendit
502 4719 664 4773 Scriboniam
677 4721 832 4785 superfuisse
844 4721 878 4773 ad
888 4736 912 4772 s.
920 4722 952 4772 16
959 4737 984 4786 p.
992 4720 1053 4771 Chr.
1063 4722 1165 4783 ·--769,
1181 4738 1238 4773 cum
1251 4737 1274 4772 a.
1284 4725 1337 4773 714
1350 4736 1407 4773 eam
1416 4723 1537 4775 duxisset

205 4810 301 4860 Caesar
317 4802 432 4874 ‘nuptam
451 4818 527 4863 antea
544 4812 643 4862 duobus
662 4813 846 4874 consularibus,
867 4827 900 4864 ex
918 4813 999 4863 altero
1019 4813 1096 4862 etism
1115 4804 1230 4863 matrem'
1248 4813 1330 4873 (Suet.
1343 4815 1413 4880 Aug.
1426 4814 1483 4877 03).

280 4897 305 4960 ⁸)
333 4897 371 4950 M.
392 4898 457 4951 Libo
476 4904 504 4954 in
522 4903 597 4954 iustis
615 4903 785 4955 Amiterninis
804 4905 892 4954 adid.
911 4905 982 4968 Sept.
1002 4903 1032 4965 (1
1050 4920 1075 4969 p.
1090 4903 1169 4965 403),
1193 4900 1259 4953 Lide
1278 4901 1380 4955 Drusus
1397 4905 1536 4972 esuristis

205 4986 394 5041 Scriboniorum
413 4994 481 5057 apud
496 4995 612 5045 Tacitum
628 5010 687 5046 ann.
702 4997 727 5058 3,
742 4998 776 5045 37
797 4995 840 5057 (ci.
859 5011 880 5046 o.
896 4996 943 5046 st:
963 5010 993 5045 ne
1013 4996 1069 5062 quis
1088 4992 1236 5045 Scribonius
1254 5002 1437 5062 connumeratum
1450 4994 1538 5051 Drusi

204 5078 366 5141 adsumeret),
392 5079 493 5133 Drusus
512 5082 578 5135 Lide
599 5087 667 5151 apud
686 5087 814 5137 Volteium
834 5087 933 5149 3,130
952 5095 978 5137 et
995 5086 1122 5140 Senecam
1141 5086 1305 5151 ep.70,10,
1330 5085 1363 5140 L.
1382 5085 1537 5142 &ntem

203 5167 269 5222 Libo
289 5172 357 5237 apud
376 5174 529 5227 Suetonium
548 5177 607 5229 Tib.
621 5178 655 5229 tt
675 5185 701 5229 et
718 5177 831 5229 Dionem
852 5177 895 5240 57,
911 5179 944 5231 15
963 5179 991 5230 in
1009 5179 1175 5245 praenomine
1192 5177 1280 5230 falsos.
