3480 5804
206 411 275 481 198
795 425 940 485 munzun

200 603 328 677 primum
350 598 462 657 divisit.
502 597 642 656 Vitellius
665 598 792 674 denique
813 599 1001 670 consulibus,
1028 616 1105 674 quos
1127 597 1359 675 designaverant
1379 597 1539 674 principes

202 702 329 778 priores,
352 700 421 758 aliis
439 699 585 775 expulsis,
608 699 675 757 aliis
691 699 822 770 retentis,
844 700 950 758 horum
966 705 1122 775 praeterea
1135 699 1307 781 consulatus
1323 698 1479 770 coartavit,
1501 703 1538 756 ut

204 819 326 859 suorum
347 800 572 858 candidatorum
598 799 742 858 honorem
769 807 905 878 augeret,
932 801 1125 874 ordinemque
1146 799 1345 858 nundinorum
1368 799 1536 877 paullulum

203 901 406 972 conturbavit,
439 901 492 959 sed
524 907 558 957 ut
588 900 713 959 nundini
745 910 861 978 tempus
880 889 1059 978 legitimum
1086 910 1254 960 remaneret
1280 901 1431 960 bimestre.
1484 900 1537 958 Ab

202 1022 238 1062 eo
268 1002 337 1060 iude
366 1011 498 1076 tempore
526 1001 699 1060 consulatus
727 1001 962 1077 quadrimestres
989 1000 1174 1078 Borghesius
1200 982 1309 1078 posuit
1328 1002 1371 1060 ita
1398 1008 1537 1079 receptos

203 1120 285 1175 esse,
307 1113 340 1160 ut
361 1121 574 1178 nonnunquam
596 1103 730 1162 nundina
751 1102 983 1179 quadrimestria
1003 1104 1034 1160 in
1055 1103 1126 1162 bina
1146 1102 1302 1161 bimestris
1322 1102 1536 1169 dividerentur.

203 1205 240 1263 In
267 1204 371 1263 libello
396 1203 475 1261 enim
502 1222 590 1280 quem
617 1204 709 1262 edidit
735 1204 772 1263 de
799 1211 896 1263 aetate
917 1204 1067 1263 Iuvenalis
1093 1203 1212 1280 (oram.
1235 1205 1335 1262 arcad.
1362 1203 1451 1276 1847,
1475 1203 1537 1260 110

203 1325 232 1382 p.
252 1305 326 1376 198,
355 1323 424 1382 opp.
446 1305 480 1376 5,
502 1304 556 1380 60)
585 1304 622 1362 de
648 1314 763 1364 mutata
789 1305 963 1365 consulatus
990 1306 1107 1365 ratione
1136 1306 1210 1368 baec
1238 1304 1354 1363 scribit:
1385 1341 1477 1363 .....
1504 1307 1537 1361 in

202 1410 306 1483 pruzia
337 1406 409 1464 delle
441 1415 517 1465 tante
548 1416 673 1481 scoperte
694 1408 771 1481 satta
798 1411 830 1465 ci
856 1410 953 1483 piorni
979 1411 1071 1466 nostri
1100 1409 1114 1464 ὲ
1146 1425 1199 1464 ora
1225 1405 1277 1464 ben
1303 1407 1461 1465 mnoaciato
1487 1404 1538 1463 elsa

205 1510 279 1583 dopo
305 1505 428 1566 Claudio
455 1525 513 1564 non
541 1509 570 1564 oi
588 1509 628 1581 su
651 1510 706 1584 plia
733 1509 835 1568 alcano
862 1507 912 1568 clla
937 1526 1066 1584 reppesae
1091 1510 1103 1564 i
1122 1509 1204 1581 susci
1226 1525 1282 1582 per
1311 1509 1374 1564 tutti
1401 1509 1413 1562 i
1437 1505 1537 1564 dedici

203 1612 286 1678 mesi,
319 1609 353 1666 nl
380 1625 437 1683 per
468 1610 510 1666 sei
541 1608 616 1684 dopo
643 1608 774 1680 Nerone,
807 1628 823 1668 o
855 1611 888 1668 al
911 1610 966 1685 piri
993 1611 1067 1685 dopo
1098 1608 1286 1683 Vespasiano.
1336 1605 1417 1665 Sotto
1445 1605 1536 1682 quest’

202 1710 302 1768 ultimo
319 1714 454 1786 principe
478 1714 505 1769 si
526 1711 630 1769 assedi
650 1710 674 1767 il
694 1729 785 1769 nuovo
807 1713 922 1770 cisterna
942 1710 991 1770 alta
1012 1709 1122 1769 sembra
1143 1710 1340 1768 incominciato
1363 1709 1403 1765 da
1427 1705 1539 1777 Galba,

204 1826 279 1867 coma
302 1814 383 1869 notai
409 1811 486 1868 altra
510 1813 590 1869 volta
616 1810 665 1885 (cf.
692 1810 812 1870 Ballett.
839 1809 906 1870 dell'
926 1813 1045 1870 institut
1072 1809 1197 1870 araleol.
1222 1808 1301 1868 1835
1323 1827 1353 1886 p.
1369 1808 1403 1877 4,
1430 1807 1536 1884 opp.3
1638 1798 1641 1802 ⁴

204 1927 234 1983 p.
251 1909 341 1984 535),
369 1912 401 1968 di
426 1913 552 1970 dividere
577 1911 781 1988 repelarrnenta
807 1909 902 1970 Panno
928 1916 958 1969 r'n
985 1922 1026 1970 tre
1051 1911 1173 1969 nundini
1193 1911 1337 1969 consolari
1364 1909 1396 1966 di
1420 1917 1537 1984 quadro

134 2018 137 2022 ’
202 2013 273 2067 meai
300 1995 391 2068 Panos
418 2012 442 2068 il
468 2013 517 2071 alte
541 2017 610 2087 perd
635 2031 692 2069 non
717 2012 821 2087 impedi
848 2012 897 2070 alte
922 2030 961 2068 un
986 2013 1113 2068 nundino
1139 2030 1197 2068 non
1217 2014 1243 2068 ei
1264 2011 1459 2067 saddicidesse
1482 2009 1538 2065 tal·

202 2111 281 2168 volta
309 2130 363 2186 per
395 2123 553 2171 conterrere
581 2113 636 2187 piri
667 2111 762 2170 dunc.
812 2111 962 2170 liaciano
993 2114 1025 2169 in
1048 2114 1167 2187 pratica
1196 2120 1292 2186 questo
1321 2113 1438 2169 cisterna
1464 2119 1538 2168 sodo

202 2214 213 2267 ι·
239 2195 395 2271 successori
423 2212 501 2283 Tito,
529 2212 715 2285 Domitiano,
742 2211 844 2271 Nerua
871 2232 885 2272 e
916 2211 1042 2271 Traiano
1070 2220 1125 2271 cet.
1174 2210 1283 2269 Paullo
1311 2210 1397 2269 aliter
1422 2210 1537 2268 iudica·

204 2320 288 2370 verat
319 2311 477 2388 epistulam
511 2314 644 2372 scribens
677 2333 697 2371 a
722 2312 902 2394 Minerviuio
931 2312 1041 2371 editam
1069 2313 1100 2370 iu
1128 2311 1232 2370 libello
1261 2310 1299 2370 de
1326 2310 1426 2388 lapide
1455 2310 1537 2370 Nea·

205 2411 339 2486 politano
363 2413 481 2472 Tettiae
508 2412 617 2475 (lastae
645 2411 793 2490 (Neapoli
818 2414 896 2473 1845
923 2432 952 2489 p.
970 2411 1040 2489 26),
1066 2412 1098 2471 iu
1123 2430 1184 2488 qua
1208 2411 1319 2491 legitur
1345 2413 1403 2470 sic:
1436 2430 1494 2470 non
1522 2413 1539 2469 ὁ

205 2513 381 2572 ablactanza
403 2514 557 2590 esplorato,
581 2532 655 2573 come
677 2515 832 2574 undassero
855 2515 880 2572 le
901 2533 964 2574 cose
983 2513 1051 2573 nell'
1072 2518 1178 2590 impero
1294 2514 1326 2570 dr·
1345 2512 1536 2588 Vespasiano,

202 2600 235 2670 'in
258 2617 306 2673 cui
326 2617 340 2671 1
357 2617 413 2690 piri
435 2615 552 2690 difficile
573 2615 622 2674 alre
644 2617 675 2672 in
696 2614 781 2673 alran
802 2615 878 2674 alac
900 2615 928 2672 lo
949 2618 1070 2674 atmuire
1092 2633 1159 2673 cosa
1173 2614 1279 2673 alcuna
1293 2615 1324 2671 dr·
1339 2622 1425 2684 certo,
1446 2621 1537 2672 attera

207 2713 257 2773 ele
279 2720 364 2790 qnasi
385 2720 450 2774 tutti
469 2719 481 2773 ι’
502 2715 642 2775 consolati
663 2717 796 2774 ordinari
817 2717 849 2773 di
869 2716 935 2793 quel
954 2734 1041 2790 rayno
1056 2717 1167 2790 surano
1184 2717 1316 2790 occupati
1331 2715 1382 2773 dai
1392 2716 1537 2790 preacipi.

164 2875 168 2881 ,
206 2813 387 2890 Ιιιιρονοσσὴὲ
408 2814 475 2873 aull’
497 2819 617 2890 ecempio
639 2816 717 2891 deqli
736 2799 830 2875 aliirnr‘
850 2816 989 2874 consolati
1009 2817 1041 2874 dt'
1060 2815 1191 2892 Aapnsto
1205 2819 1245 2892 sa
1266 2823 1395 2875 consueto
1417 2825 1539 2873 costuma

207 2914 250 2972 ds'
272 2919 450 2992 susceperam·
476 2919 644 2990 imperatori
669 2917 700 2974 dt
724 2934 781 2974 non
807 2934 972 2975 consumare
999 2915 1110 2974 Pintero
1138 2926 1227 2994 tempo
1249 2924 1401 2994 casanata
1422 2913 1450 2973 α’
1475 2916 1537 2973 loro

198 3017 292 3088 sasai,
314 3034 361 3073 nra
383 3018 415 3074 dr·
434 3016 608 3073 rinunziarli
628 3033 683 3073 cra
700 3018 755 3092 piis
772 3024 880 3092 presto,
903 3034 956 3076 ora
972 3018 1028 3092 piel
1050 3017 1129 3074 tardi
1149 3017 1300 3076 adalram·
1318 3016 1361 3076 da'
1378 3017 1439 3075 loro
1453 3019 1539 3074 amici

206 3125 262 3173 cet.
307 3114 433 3174 Collatia
459 3115 567 3174 deinde
592 3117 669 3174 iuter
697 3135 730 3176 se
755 3116 857 3175 tabula
882 3116 1025 3192 honestae
1051 3117 1204 3176 missionis
1231 3115 1417 3193 (cardinalis
1432 3115 1475 3174 VI
1497 3139 1535 3166 -·=

205 3216 264 3272 vol.
287 3216 353 3287 ΙΙΙ,
379 3215 446 3291 IX)
479 3216 686 3292 fastorumque
716 3216 858 3276 feriarum
890 3215 1068 3276 Latinarum
1100 3217 1266 3295 fragmento
1300 3217 1429 3295 (Marini
1462 3218 1536 3275 Arv.

205 3334 235 3391 p.
254 3314 328 3390 129)
354 3333 434 3374 auno
451 3316 490 3374 74
512 3317 688 3376 consulatus
709 3327 868 3378 semestres
889 3318 986 3378 luisse
1007 3318 1143 3378 coniecit.
1186 3319 1221 3377 ln
1244 3318 1297 3377 illa
1318 3319 1397 3378 enim
1420 3317 1458 3392 Q.
1480 3317 1538 3378 Pe-

205 3415 289 3472 tilius
317 3413 444 3475 Oerialis
470 3415 598 3476 Caesius
625 3418 723 3478 Rufus
746 3419 779 3478 11
807 3429 838 3478 et
862 3419 900 3478 Τ.
928 3416 1054 3479 Clodius
1083 3419 1197 3496 Eprius
1224 3419 1388 3478 Marcellus
1410 3420 1441 3477 ΙΙ
1467 3436 1537 3479 oon·

206 3515 287 3573 sules
315 3517 444 3576 citantur
471 3537 497 3575 a
520 3517 549 3576 d.
571 3518 637 3576 XII
658 3519 800 3579 kalendas
822 3520 943 3593 Iunias,
970 3519 1040 3581 fasti
1066 3528 1165 3580 autem
1187 3520 1328 3580 feriarum
1350 3518 1537 3591 Latinarum,

205 3634 282 3691 quae
303 3617 396 3676 feriae
417 3625 480 3676 tum
508 3637 609 3678 mense
632 3619 710 3679 Iulio
738 3620 802 3680 fieri
830 3622 981 3692 solebant,
1009 3621 1085 3680 alios
1112 3621 1251 3681 consules
1272 3620 1454 3680 habueruntr
1483 3638 1539 3696 per

204 3715 338 3774 nundina
364 3718 456 3793 igitur
483 3720 712 3795 quadrimestria
737 3723 833 3780 aurius
849 3722 889 3780 74
916 3722 1093 3781 distributus
1120 3740 1179 3780 uon
1206 3730 1307 3796 potest
1332 3721 1440 3792 luisse,
1468 3720 1540 3796 quia

205 3817 263 3874 hoc
288 3817 389 3891 posito
415 3818 569 3878 mensibus
597 3820 678 3879 Maio
704 3839 740 3879 ac
766 3821 844 3880 Iulio
870 3821 960 3881 iidem
988 3823 1129 3881 consules
1155 3838 1224 3881 csse
1250 3821 1405 3880 debebant.
1450 3820 1538 3879 Unde

207 3915 392 3991 Borghesius
418 3918 568 3995 principes
594 3921 734 3980 eonsules
761 3921 930 3981 ordinarios
955 3921 1080 3983 coniecit
1100 3929 1217 3998 partem
1238 3923 1393 3982 semestris
1414 3922 1539 3980 nundini

207 4016 317 4092 prioris
340 4014 458 4076 Cereali
485 4028 515 4077 et
536 4019 679 4079 Marcello
707 4021 858 4081 tribuisse.
900 4023 944 4082 At
962 4006 1047 4099 ¹quae
1073 4023 1244 4082 observavit
1264 4022 1449 4100 Borghesius
1471 4022 1538 4098 pari

205 4117 270 4175 iure
297 4125 327 4174 et
353 4118 391 4175 ad
416 4128 577 4190 semestres
604 4127 634 4180 st
660 4122 698 4180 ad
723 4123 882 4183 bimestres
908 4123 1083 4183 consulatus
1108 4123 1253 4201 applicari
1275 4130 1419 4202 possunt,
1448 4124 1539 4199 hique

205 4217 279 4275 mibi
305 4219 402 4294 magis
428 4221 603 4296 probantur.
652 4222 780 4284 Etiamsi
810 4224 889 4283 enim
916 4223 953 4283 de
980 4234 1115 4300 tempore
1136 4223 1319 4302 Vespasiani
1347 4224 1536 4300 imperatoris

205 4325 318 4377 certum
340 4320 543 4381 testimonium
563 4330 646 4382 extat
667 4325 792 4397 uullum,
814 4325 870 4383 sub
886 4323 985 4386 Galba
1005 4326 1181 4384 consulatus
1196 4325 1430 4401 quadrimestres
1445 4314 1538 4384 fuisso

205 4419 334 4478 vidimus
363 4427 394 4479 et
418 4430 537 4481 constat
563 4423 634 4483 item
661 4425 691 4483 iu
718 4435 881 4501 quaternos
908 4418 1027 4486 meuses
1054 4425 1110 4485 sub
1132 4425 1203 4484 Tito
1230 4444 1348 4503 quoque
1374 4434 1405 4483 et
1431 4424 1537 4484 Domi·

206 4521 288 4578 tiano
310 4522 485 4582 consulatus
506 4524 683 4602 plerumque
704 4525 791 4585 datos
813 4543 889 4585 csse.
926 4525 1032 4601 Itaque
1053 4525 1209 4603 probabile
1224 4533 1271 4585 est
1284 4527 1374 4585 etiam
1391 4525 1447 4584 sub
1463 4523 1539 4582 Ves-

207 4622 334 4696 pasiano
361 4623 486 4682 eandem
514 4624 618 4702 legem
634 4625 678 4685 ita
699 4626 888 4686 observatam
909 4643 990 4699 esse,
1018 4635 1051 4685 ut
1072 4643 1285 4703 nonnunquam
1306 4627 1540 4703 quadrimestria

207 4722 340 4780 nundina
361 4722 392 4781 iu
414 4725 569 4784 bimestris
591 4726 843 4803 dividerentur¹).
888 4725 975 4801 Quod
999 4728 1135 4788 videntur
1156 4728 1333 4788 confirmare
1354 4737 1422 4787 acta
1441 4729 1539 4787 Arva-

242 4926 245 4934 ·
288 4859 310 4920 ¹)
340 4863 529 4927 Vespasianum
554 4865 755 4928 quadrimestres
777 4867 924 4917 consulatus
947 4866 1087 4917 instituisse
1105 4868 1183 4917 etiam
1203 4864 1389 4916 Brambaehius
1407 4866 1541 4914 contendit

209 4959 359 5013 argumento
385 4969 445 5003 usus
465 4954 514 5004 hoc
533 4970 624 5020 parum
643 4957 731 5006 valido
750 4958 819 5022 quod
842 4973 890 5007 nec
910 4959 984 5008 Titus
1002 4959 1065 5008 satis
1083 4960 1128 5010 diu
1147 4974 1194 5008 uec
1212 4957 1379 5008 Domitianus
1398 4955 1460 5004 satis
1480 4971 1538 5018 pru·

210 5039 298 5089 deuter
317 5043 454 5106 imperium
472 5048 591 5109 gesserit,
613 5054 640 5097 ut
659 5047 743 5113 legem
761 5063 814 5099 nou
832 5049 976 5101 institueret
994 5049 1087 5114 solum,
1107 5065 1194 5101 rerum
1213 5049 1292 5100 etiam
1311 5046 1444 5097 stabiliret.
