3480 5804
658 493 842 545 uuunnon.
865 493 1068 546 unvamma.
1452 478 1524 550 231

203 664 288 722 vides
314 665 389 722 haec
416 665 517 722 omnia
543 663 622 722 dicta
648 679 716 722 esse
747 663 784 721 de
810 663 884 721 aede
915 675 1002 721 extra
1027 665 1130 723 urbem
1158 667 1267 740 posita.
1316 668 1423 726 deiude
1448 669 1527 744 quod

202 764 280 822 idem
303 765 482 823 Plutarchus
504 765 592 822 Rom.
616 763 653 821 27
681 770 784 821 narrat
810 763 972 821 secundum
1000 767 1146 840 quosdam
1167 767 1328 826 Romulum
1356 766 1383 824 ἒν
1404 772 1446 844 τῷ
1466 769 1529 852 ἱερῷ

203 866 255 921 τοῦ
274 858 433 938 Ἠφαίπου
456 886 475 923 a
495 865 683 923 senatoribus
704 863 836 921 occisum
857 880 935 935 esse,
957 883 992 922 eo
1011 865 1078 923 loco
1101 867 1160 922 iam
1176 865 1353 926 Sachsiusl
1378 887 1407 943 p.
1425 870 1462 926 77
1485 871 1529 928 ita

202 982 277 1024 usus
293 973 366 1036 erat,
387 972 420 1023 ut
435 966 538 1023 aedem
554 967 584 1023 iu
599 965 727 1023 Volcani
749 982 820 1023 area
840 985 872 1022 re
892 983 964 1022 vera
977 964 1071 1024 fuisse
1085 977 1166 1024 recte
1180 978 1311 1043 negaret,
1332 968 1528 1029 Plutarchum

203 1066 240 1123 de
268 1084 305 1123 ea
330 1067 462 1141 cogitare
488 1066 566 1124 falso
593 1067 773 1124 adfirmaret.
815 1083 885 1122 nam
908 1065 1085 1142 quicumque
1105 1068 1233 1142 ineptius
1254 1070 1327 1127 istas
1349 1072 1530 1146 excogitavit

203 1167 230 1224 is
250 1165 412 1223 Romulum
438 1168 469 1224 in
496 1185 602 1244 campo
628 1167 743 1243 perisse
770 1184 880 1241 negare
907 1184 968 1224 non
995 1176 1124 1243 poterat3
1158 1169 1245 1226 finxit
1269 1178 1369 1228 autem
1394 1181 1529 1230 senatum

204 1275 273 1323 ante
299 1275 418 1341 portum
444 1269 619 1325 convenisse
647 1268 677 1323 in
700 1283 736 1323 ea
757 1266 840 1337 aede,
862 1284 940 1340 quae
961 1276 1068 1342 postea
1092 1268 1135 1326 ibi
1156 1268 1236 1327 fecta
1258 1280 1311 1341 est,
1339 1280 1372 1328 ut
1394 1273 1531 1331 similiter

204 1367 304 1424 fictum
327 1384 393 1425 csse
415 1367 502 1424 docui
524 1368 604 1442 quod
627 1367 664 1425 de
686 1375 793 1424 senatu
818 1367 849 1423 in
876 1367 948 1425 aede
969 1368 1036 1424 Iani
1057 1368 1095 1425 ad
1121 1369 1269 1427 theatrum
1292 1371 1427 1429 Marcelli
1452 1373 1531 1431 facto

205 1466 285 1541 apud
300 1465 425 1524 Festum
440 1466 565 1544 legimus
581 1475 619 1524 ex
634 1466 736 1525 nescio
751 1467 860 1540 quibus
875 1467 1032 1525 annalibus
1048 1478 1220 1544 excerptum
1236 1470 1276 1544 (v.
1292 1471 1411 1530 Hamas
1426 1474 1455 1543 4,
1471 1472 1532 1530 234

210 1567 279 1641 Tap.
302 1565 331 1638 2,
354 1566 412 1624 267
436 1567 486 1642 s).
533 1584 638 1625 ansam
670 1567 812 1643 praebere
844 1569 978 1642 potuisse
1010 1568 1119 1626 talibus
1152 1572 1327 1629 commentis
1359 1574 1532 1632 senaculum

204 1683 272 1724 cum
296 1666 452 1725 Volcanali
473 1667 662 1729 coniunctum
685 1674 714 1724 et
735 1664 878 1726 Sachsiua
899 1667 920 1725 l.
943 1686 967 1725 c.
989 1668 1065 1726 vidit
1085 1687 1139 1726 uec
1160 1670 1310 1745 ignoravit
1331 1673 1395 1747 ipse
1417 1673 1533 1731 Detlef·

205 1782 295 1824 senus
316 1766 336 1822 l.
360 1786 386 1825 c.
413 1786 443 1842 p.
469 1767 537 1824 151.
563 1798 605 1809 —
636 1767 809 1842 ignoramus
842 1786 904 1842 quo
936 1777 1069 1843 tempore
1100 1769 1181 1839 facta
1210 1771 1249 1828 sit
1273 1773 1363 1829 aedes
1390 1771 1532 1830 Volcani:

204 1865 380 1924 crediderim
401 1876 501 1924 tamen
522 1883 590 1924 esse
612 1885 702 1924 unam
718 1866 755 1923 de
769 1865 883 1936 multis,
906 1867 943 1925 de
964 1885 1090 1941 quarum
1105 1869 1230 1943 origine,
1252 1873 1279 1928 si
1293 1871 1413 1930 Liviani
1434 1873 1534 1949 operis

203 1966 273 2024 libri
299 1967 368 2024 inde
396 1967 433 2024 ab
460 1966 616 2024 undecimo
645 1967 685 2024 ad
705 1966 880 2024 vicesimum
903 1976 1050 2038 extarent,
1076 1976 1235 2027 constaret.
1278 1989 1331 2029 eos
1359 1972 1450 2032 libros
1482 1975 1535 2049 qui

205 2066 405 2142 epitomarunt
430 2085 498 2124 raro
525 2067 726 2125 dedicationes
753 2067 941 2141 templorum,
969 2086 1095 2144 quorum
1122 2087 1230 2146 magna
1256 2089 1327 2147 pars
1354 2080 1459 2146 postea
1483 2085 1536 2132 aut

204 2167 381 2225 interierunt
408 2171 461 2224 aut
486 2175 566 2225 certe
587 2186 691 2242 parum
714 2167 834 2242 cognita
854 2167 981 2239 fuerunt,
1007 2168 1169 2227 lectoribus
1191 2171 1254 2226 suis
1277 2172 1403 2247 prodere
1425 2193 1535 2249 operae

205 2267 333 2343 pretium
360 2268 524 2325 duxerunt:
558 2285 594 2326 eo
621 2267 717 2341 magis
744 2266 904 2325 dolendum
930 2274 986 2337 est,
1018 2268 1098 2343 quod
1120 2269 1159 2325 ad
1191 2287 1260 2326 rara
1287 2271 1360 2328 haec
1386 2272 1534 2331 fastorum

206 2385 359 2426 sacrorum
380 2368 509 2444 vestigia
529 2366 709 2442 topographi
730 2385 792 2424 non
814 2367 888 2424 satis
910 2367 1108 2426 attenderunt.
1142 2368 1235 2426 veluti
1249 2369 1361 2428 frustra
1381 2373 1461 2448 apud
1483 2391 1535 2432 eos

206 2469 394 2543 quaesiveris
430 2467 603 2526 memoriam
636 2466 719 2524 aedis
752 2466 837 2524 Palis
870 2484 889 2524 a
919 2467 960 2525 M.
993 2468 1090 2525 Atilio
1122 2486 1148 2523 a.
1177 2469 1237 2527 487
1270 2480 1367 2541 votae,
1405 2473 1441 2529 de
1474 2490 1534 2548 qua

206 2567 315 2627 Florus
339 2570 366 2639 1,
391 2569 439 2640 15,
462 2567 516 2625 10:
550 2577 577 2626 ct
596 2570 628 2624 in
649 2568 701 2624 toa
722 2571 872 2625 certamine
893 2570 1019 2642 pretium
1045 2567 1177 2642 tempium
1210 2569 1265 2625 eibi
1287 2575 1423 2644 pastoria
1448 2572 1535 2632 Pales

205 2669 281 2726 ultro
298 2674 440 2745 poposcit,
464 2666 587 2728 Scholia
607 2667 697 2725 Bern.
720 2667 758 2723 ad
780 2664 871 2742 Verg.
894 2664 949 2725 Ge.
973 2668 1002 2738 3,
1026 2668 1041 2723 1
1066 2667 1186 2742 (mapsa
1206 2667 1322 2744 Palas).·
1345 2674 1446 2746 templo
1469 2677 1495 2730 ei
1516 2693 1535 2731 a

205 2769 314 2845 Regulo
337 2773 485 2829 constituto
508 2767 665 2827 Sallentini
685 2770 753 2825 uicti
773 2778 847 2825 sunt.
879 2767 1036 2825 Brundisii
1057 2767 1266 2842 imperatorem
1288 2768 1457 2830 Romanum
1479 2774 1536 2831 hoc

206 2871 349 2947 templum
371 2870 479 2928 fecisse
501 2869 569 2945 quis
593 2867 692 2926 credet
713 2866 849 2925 Prellero
871 2866 977 2943 (Mysi.
999 2887 1029 2944 p.
1046 2867 1140 2942 365)i

290 2970 514 3045 Relinquantur
539 2986 628 3027 sacra
653 2969 743 3026 huius
770 2967 829 3025 diei
856 2967 927 3025 bina
956 2967 1106 3044 Quir(ino)
1134 2971 1165 3025 in
1189 2968 1270 3040 colla,
1298 2969 1458 3047 Vollc(ono)
1480 2973 1535 3049 [in]

207 3075 326 3130 comitio.
370 3071 526 3129 comitium
553 3069 661 3127 aetatis
693 3068 786 3139 illius,
818 3086 856 3127 ne
887 3068 1019 3143 abripisr
1050 3069 1150 3145 alieno
1181 3069 1250 3129 loco
1281 3068 1313 3127 in
1345 3074 1535 3145 quaestiones

207 3171 414 3241 difficillimas,
446 3171 520 3228 satis
548 3169 588 3226 sit
613 3169 768 3226 monuisse
794 3186 855 3226 non
881 3184 948 3227 esse
974 3167 1072 3243 ipsam
1094 3166 1223 3226 Volcani
1245 3187 1359 3242 aream,
1387 3173 1441 3230 sed
1463 3173 1535 3232 Vol·

207 3270 305 3328 cauali
333 3270 506 3328 subiectum.
549 3267 582 3324 in
608 3269 728 3325 comitio
753 3268 855 3343 igitur,
887 3267 939 3324 ubi
965 3265 1203 3342 Quinquatribus
1234 3269 1305 3326 salii
1338 3288 1404 3328 cum
1436 3275 1536 3346 ponti·

207 3370 314 3428 ficibus
341 3377 371 3428 et
397 3368 527 3426 tribunis
554 3367 684 3424 celerum
716 3366 874 3435 faciebant,
907 3384 1024 3423 sacrum
1053 3365 1187 3422 Volcano
1218 3375 1280 3424 tum
1312 3368 1411 3426 fiebat.
1455 3372 1536 3431 haud

207 3471 314 3548 procul
334 3488 353 3527 a
374 3469 495 3527 comitio
523 3468 556 3524 in
581 3467 648 3542 ipso
673 3465 738 3523 foro
765 3464 903 3523 audimus
929 3465 1002 3522 deae
1027 3483 1094 3522 cum
1116 3463 1253 3522 Volcano
1274 3468 1536 3530 coniunctissimas

208 3590 228 3629 a
248 3570 335 3647 plebe
349 3570 489 3628 Romana
509 3568 595 3644 ignes
618 3563 686 3624 ess‘a
707 3582 860 3623 accensos.
894 3583 962 3621 nam
984 3565 1027 3622 ita
1039 3564 1150 3622 Festus
1173 3583 1202 3639 p.
1218 3565 1292 3623 317:
1321 3565 1421 3626 Statue
1434 3575 1536 3630 matris

208 3672 391 3731 simulacrum
422 3671 453 3726 in
478 3670 549 3743 soro
582 3666 736 3726 colebatur.
775 3675 929 3740 postquam
959 3666 994 3722 id
1018 3661 1038 3734 'r
1064 3664 1243 3723 collastravit
1270 3683 1304 3723 ne
1331 3667 1443 3743 lapides
1471 3675 1537 3746 ipae

208 3778 454 3847 corrumperentur
475 3773 525 3844 qui
539 3768 661 3844 plurimi
675 3767 823 3843 (plurimis
837 3765 919 3840 cod.)
940 3764 980 3823 ibi
994 3765 1103 3839 fiebant
1121 3775 1257 3824 nocturno
1279 3776 1409 3842 tempore,
1431 3788 1537 3847 mapna

204 3891 281 3949 parc
304 3871 408 3948 populi
435 3872 466 3927 in
494 3887 561 3928 suos
590 3871 710 3944 quisque
735 3871 812 3925 uicos
839 3865 1008 3924 rettulerunt
1033 3868 1092 3923 cius
1119 3867 1188 3923 deas
1209 3865 1321 3924 cultum.
1364 3878 1536 3946 corruptam

207 3974 282 4032 illud
304 3972 482 4032 collastravit
502 3969 678 4028 Huschkius
700 3969 829 4026 correxit
849 3966 1007 4026 scribendo
1028 3966 1108 4026 Cotta
1129 3970 1240 4024 amauit.
1273 3974 1305 4024 at
1325 3969 1394 4042 quis
1416 3980 1463 4029 est
1483 3972 1536 4030 ille

210 4072 301 4132 Cotta
321 4071 364 4130 sic
384 4071 463 4129 nude
484 4068 676 4128 nominatus?
705 4078 735 4126 et
756 4087 808 4126 cur
830 4085 889 4124 non
910 4067 1009 4142 potius
1030 4067 1170 4124 scribitur
1190 4064 1276 4124 Sulla
1296 4070 1418 4126 strauit?
1445 4073 1536 4130 modo

209 4192 246 4232 ne
268 4190 337 4230 cnm
357 4170 494 4228 Prellero
516 4169 621 4243 (Myris.
641 4187 671 4243 p.
687 4167 761 4242 530)
784 4164 902 4225 Cottam
926 4163 1078 4225 Sullamne
1098 4166 1197 4224 forum
1218 4165 1369 4240 lapidibus
1391 4172 1536 4231 stravisse

209 4281 309 4350 putes,
330 4290 368 4328 ne
389 4270 474 4345 ignes
496 4267 599 4329 Statae
624 4268 741 4326 accensi
767 4267 917 4342 lapidibus
938 4274 1096 4328 nocerent,
1129 4266 1213 4323 vides
1233 4266 1320 4323 illum
1341 4268 1536 4346 quiscumque

208 4373 267 4432 fnit
296 4370 439 4430 stravisse
471 4370 528 4428 boc
556 4375 604 4429 est
634 4367 809 4444 deposuisse
842 4374 981 4435 statuam,
1013 4374 1047 4424 ut
1077 4366 1198 4424 arbores
1231 4364 1350 4440 aliaque
1382 4367 1413 4424 id
1440 4387 1535 4444 genus

209 4471 304 4533 sterni
323 4471 470 4542 dicuntur,
496 4487 556 4546 quo
577 4468 656 4527 lacto
678 4467 798 4526 vicatim
820 4466 877 4526 dea
896 4466 951 4525 illa
971 4465 1030 4525 coli
1051 4475 1158 4542 coepta
1177 4471 1234 4532 est⁸¹
1275 4474 1380 4524 uotum
1401 4478 1447 4526 est
1467 4489 1534 4529 eam

209 4572 382 4649 religionem
408 4569 447 4629 ab
474 4572 615 4649 Angusto
639 4568 820 4646 imperatore
845 4568 1041 4626 instauratam
1068 4583 1143 4625 esse.
1187 4570 1317 4625 ceterum
1338 4566 1436 4626 forum
1458 4571 1535 4647 lapi·

210 4673 299 4732 dibus
322 4677 448 4733 stratum
468 4670 566 4731 fuisse
583 4679 652 4730 anta
672 4688 700 4729 a.
722 4668 796 4743 458,
821 4686 881 4746 quo
901 4667 968 4726 viae
989 4666 1127 4742 publicae
1151 4667 1182 4724 in
1203 4667 1278 4725 urbe
1298 4668 1392 4725 sterni
1412 4677 1536 4746 coeptae

210 4781 292 4845 sunt,
307 4779 547 4833 'consentaneum
566 4776 623 4832 est.
661 4775 781 4831 remma
800 4769 892 4848 igitar
910 4787 931 4827 a
949 4766 1009 4827 fori
1029 4784 1100 4827 area
1121 4767 1282 4826 simulacro
1302 4767 1375 4825 deae
1395 4770 1536 4846 populari

209 4873 357 4951 religione
378 4881 410 4933 at
428 4890 512 4933 more
533 4888 580 4946 aa,
599 4870 654 4949 qui
671 4888 755 4933 nnnc
773 4886 894 4949 quoquc
914 4885 969 4947 per
988 4868 1120 4927 aestivos
1140 4887 1258 4931 menses
1277 4870 1390 4930 Romae
1411 4870 1535 4944 obtinet,

211 4973 320 5049 sultam
338 4975 372 5035 in
391 4974 462 5052 ipso
481 4971 602 5035 camiso
622 4978 676 5033 sut
694 4970 810 5033 malt
827 4978 881 5033 sut
898 4968 1096 5031 inauuramm
1117 4975 1164 5028 est
1183 4972 1302 5048 coniugi
1322 4973 1387 5030 eius
1407 4989 1534 5030 sacrum.

211 5074 370 5137 cedualla
389 5092 459 5137 num
479 5072 609 5137 Volcani
631 5058 779 5152 ralifflcna
802 5068 923 5128 vlnanlo
942 5066 1063 5138 Quirini
1086 5069 1120 5129 in
1144 5071 1222 5133 colle
1250 5091 1367 5133 sacrum
1389 5090 1536 5131 conexum

1274 5171 1331 5232 17*
