3480 5804
578 521 876 576 oasauvsmouss
895 522 1011 576 aaron.
1030 523 1107 574 vm.
1433 504 1503 575 149

176 692 335 751 Arvalium
356 710 383 749 a
398 710 429 767 p.
445 689 517 751 Chr.
535 692 573 750 l4
595 691 701 767 (tab.I
720 693 856 770 Marinii)
876 693 1028 770 pontificis
1048 691 1215 753 sacerdotio
1237 692 1354 752 adiecto
1376 695 1414 750 ab
1436 694 1504 751 aliis

177 793 357 868 aequalibus
384 791 518 851 eiusdem
544 794 675 853 nominis
696 793 899 870 distinguitur.
941 793 977 850 ld
999 801 1099 852 autem
1119 793 1262 868 temporis
1283 793 1417 853 rationes
1438 812 1506 852 cum

177 911 240 951 nou
265 893 418 970 patiantur
445 891 529 968 (nam
555 893 664 951 fratres
685 893 820 953 Liciniae
840 894 968 971 Magnae
995 893 1058 952 nati
1084 903 1155 953 sunt
1175 913 1200 953 o.
1222 913 1250 952 a.
1267 893 1404 965 37-38,
1431 894 1506 952 Piso

176 992 315 1069 pontifex
343 992 395 1052 ille
421 994 497 1053 obiit
522 995 734 1071 octogenarius
763 1012 792 1070 p.
814 993 886 1053 Chr.
902 994 973 1070 32),
1002 994 1127 1053 maritus
1153 995 1281 1071 Magnae
1310 996 1390 1053 alius
1416 995 1507 1053 fuerit

177 1110 301 1152 necesse
329 1102 390 1166 est,
420 1112 475 1153 nec
502 1112 682 1171 quemquam
707 1095 825 1172 repperi
851 1103 974 1173 propter
999 1102 1127 1153 aetatem
1155 1096 1229 1154 satis
1256 1103 1360 1170 aptum
1387 1106 1507 1172 praeter

177 1192 215 1251 L.
230 1192 373 1252 Pisonem
394 1195 550 1253 consulem
572 1213 598 1253 a.
614 1195 664 1267 57,
687 1202 789 1254 natum
807 1195 900 1271 igitar
914 1196 994 1254 circa
1014 1216 1041 1254 a
1056 1214 1086 1271 p.
1102 1194 1174 1255 Chr.
1190 1194 1240 1266 24,
1262 1214 1350 1271 quem
1364 1205 1395 1253 et
1407 1196 1505 1272 ipsum

176 1292 352 1370 ponuueatu
374 1305 511 1354 ornatum
531 1295 626 1354 fuisse
647 1305 727 1354 certe
747 1296 823 1354 nihil
844 1295 973 1371 vetat1).
1009 1295 1144 1355 Uxorem
1166 1315 1233 1355 eum
1255 1296 1380 1355 duxisse
1400 1296 1505 1353 filiam·

178 1412 239 1470 qne
263 1412 303 1453 ex
329 1412 366 1455 ea
391 1397 533 1473 genuisse
555 1395 680 1455 Tacitus
702 1395 786 1471 (hist.
806 1398 836 1470 4,
854 1397 901 1455 ll.
918 1396 971 1473 59)
992 1396 1111 1468 scribit;
1136 1415 1245 1456 nomen
1271 1406 1408 1456 auctores
1430 1414 1507 1472 quos

178 1494 323 1555 babemus
344 1514 405 1554 non
424 1496 619 1556 tradiderunt.
961 1574 964 1578 ⁴

262 1594 312 1653 Ex
332 1598 465 1672 posteris
487 1598 593 1656 borum
615 1596 757 1674 (quorum
772 1595 916 1658 Crassum
937 1598 1031 1675 Frugi
1052 1607 1194 1675 quattuor
1213 1598 1326 1657 liberos
1347 1598 1507 1658 sustulisse

178 1693 321 1767 vidimus,
347 1705 535 1774 pussunume
560 1699 649 1758 etiam
672 1697 887 1760 Scribonianus
908 1708 939 1759 et
960 1699 1035 1759 Piso
1055 1700 1167 1758 liberos
1188 1708 1260 1774 pust
1280 1717 1313 1758 se
1333 1698 1507 1776 reliquisse)

178 1796 299 1856 nomine
319 1816 396 1858 uuus
418 1808 532 1858 tuntum
553 1807 803 1859 commemoratur
826 1800 1003 1876 Calpurnius
1027 1801 1151 1860 Crassus
1172 1798 1319 1876 Fmpil),
1340 1800 1392 1875 qui
1414 1801 1507 1875 impe·

179 1906 266 1955 rante
285 1896 391 1956 Nerva
414 1918 482 1959 cum
507 1917 633 1976 regnum
659 1900 854 1977 appetivisset
875 1901 1041 1961 Tarentum
1065 1910 1200 1960 remotus
1226 1908 1286 1973 est,
1312 1900 1420 1959 deinde
1441 1919 1508 1959 cum

179 1996 221 2055 ad
241 1998 346 2057 eadem
366 1999 494 2058 consilia
512 2000 653 2060 rediisset
672 2002 727 2060 sub
749 2001 898 2073 Traiano,
924 2002 956 2060 in
977 2003 1107 2062 insulam
1127 2002 1292 2077 relegatus,
1314 2000 1442 2077 denique
1463 2001 1508 2058 in-

179 2096 248 2155 snla
271 2116 414 2176 egressus
440 2102 497 2160 sub
517 2100 673 2159 Hadriano
699 2112 833 2161 necatus.
876 2103 1004 2161 Animos
1031 2103 1069 2161 ad
1094 2121 1143 2161 res
1167 2120 1263 2160 novas
1291 2102 1458 2160 moliendas
1480 2102 1508 2160 ei

179 2198 252 2259 iecit
272 2199 337 2260 sine
359 2200 449 2259 dubio
470 2202 538 2278 ipsa
558 2202 710 2274 nobilitas,
731 2221 792 2279 quo
814 2204 935 2262 nomine
956 2221 1030 2262 sane
1051 2220 1088 2259 eo
1110 2208 1243 2276 tempore
1262 2202 1315 2260 vix
1336 2203 1432 2260 ullum
1454 2202 1508 2258 ha·

180 2299 245 2359 buit
266 2300 326 2360 sibi
346 2320 460 2378 parem.
503 2300 593 2375 Quod
614 2302 640 2360 si
661 2310 750 2361 natus
772 2309 876 2361 estex
898 2302 1010 2360 Pisone
1031 2302 1174 2377 adoptato
1195 2320 1214 2358 a
1236 2300 1351 2373 Galba,
1374 2320 1435 2377 quo
1456 2302 1509 2359 du·

181 2418 249 2459 cere
269 2401 387 2460 videtur
408 2399 567 2479 Calpurnii
589 2420 710 2474 nomen,
736 2402 981 2479 repraesentabat
1000 2404 1032 2461 in
1054 2420 1088 2460 se
1109 2401 1244 2459 Licinius
1266 2400 1410 2472 Crassos,
1439 2399 1511 2459 Cal·

179 2501 304 2575 purnios
333 2502 460 2561 Pisones
486 2502 596 2578 Frugi,
627 2501 790 2578 Pompeios
817 2503 961 2577 Magnos,
990 2499 1166 2561 Scribonios
1193 2501 1341 2572 Libones,
1369 2500 1509 2558 Lutatius

182 2598 321 2675 Catulos,
349 2600 499 2678 Sulpicius
522 2600 655 2675 Galbas,
682 2611 715 2660 ut
740 2618 813 2661 sane
834 2608 925 2679 poeta
946 2602 1053 2659 aetatis
1074 2600 1307 2676 Domitianae³)
1329 2618 1389 2659 non
1410 2600 1511 2677 inepte

180 2702 341 2761 celebrarit
360 2705 438 2761 atria
458 2704 596 2763 Ρίεοηιιυι
617 2721 679 2762 aum
700 2713 842 2762 sternuere
863 2711 929 2760 tato.

265 2802 406 2863 Vidimus
431 2803 469 2863 de
490 2802 612 2865 Crassis
633 2803 740 2882 Frugi3
767 2810 919 2881 superest,
948 2812 982 2861 ut
1001 2821 1210 2862 recenseamus
1231 2803 1267 2861 L.
1290 2802 1433 2875 Pisones,
1458 2802 1509 2877 qui

181 2903 303 2979 quidem
328 2913 452 2981 propter
476 2900 603 2964 aetatem
624 2904 664 2962 ad
685 2905 763 2964 hano
784 2904 1014 2980 disputationem
1036 2905 1184 2981 pertinere
1205 2904 1325 2981 possint
1344 2913 1375 2962 et
1394 2910 1510 2979 patrem

183 3003 340 3063 habuerint
360 3006 554 3082 praenomine
575 3016 629 3064 aut
647 3006 735 3065 Lucii
756 3015 810 3064 aut
830 3006 952 3065 incerto.
996 3003 1169 3064 Omittimus
1191 3006 1282 3082 igitur
1302 3005 1379 3062 duos
1400 3003 1436 3061 L.
1459 3004 1509 3062 Pi·

183 3122 272 3165 sones
294 3104 393 3167 Gnaei
418 3106 497 3165 filios
523 3124 586 3166 cos.
613 3126 640 3165 a.
662 3127 691 3165 u.
713 3125 737 3165 c.
755 3107 814 3166 753
841 3116 872 3166 et
897 3124 927 3182 p.
943 3104 1014 3165 Chr.
1031 3104 1085 3178 273
1111 3107 1190 3165 hunc
1217 3104 1296 3164 enim
1316 3105 1387 3163 licet
1412 3104 1511 3182 ipsum

183 3216 307 3283 propter
340 3207 436 3283 patris
470 3209 645 3267 memoriam
678 3208 847 3267 damnatam
879 3225 1062 3282 praenomen
1095 3205 1193 3266 Gnaei
1225 3207 1344 3264 abicere
1375 3216 1511 3265 coactum

184 3304 277 3381 (Tar.
306 3327 376 3367 ann.
403 3309 518 3384 3,17)
549 3318 656 3385 postea
687 3326 807 3385 quoquo
833 3305 931 3366 Gnaei
963 3307 1058 3366 filium
1090 3307 1240 3365 mansisse
1269 3315 1350 3365 recte
1380 3306 1510 3364 dubitari

184 3426 245 3467 uon
276 3416 394 3485 potest3
425 3416 505 3469 certe
536 3409 566 3467 in
598 3409 696 3467 indice
726 3408 836 3467 Dionis
867 3408 962 3465 Iulius
991 3407 1141 3465 Antonius
1175 3406 1313 3464 similiter
1344 3405 1512 3482 appellatur

185 3508 279 3569 Marci
309 3510 399 3570 lilius.
447 3510 587 3586 Denique
618 3509 653 3567 L.
683 3506 866 3586 Calpurnius
892 3508 965 3567 Piso
991 3507 1085 3583 Frugi
1111 3506 1300 3578 Licinianus,
1333 3505 1359 3563 si
1391 3505 1511 3581 quidem

184 3618 265 3669 recte
295 3628 388 3688 supra
418 3610 573 3669 docuimus
600 3609 751 3670 Liciniani
781 3627 889 3667 nomen
921 3628 989 3667 eum
1021 3628 1081 3667 non
1113 3608 1151 3666 ab
1182 3607 1343 3683 adoptione
1370 3606 1513 3678 traxisse,

184 3710 281 3769 Marci
307 3711 388 3770 filius
409 3711 479 3783 fuit,
506 3731 566 3771 non
586 3711 683 3770 Lucii.
726 3711 775 3769 Ita
796 3728 855 3769 non
877 3718 991 3769 restant
1011 3710 1071 3769 nisi
1092 3716 1167 3781 tres,
1195 3706 1363 3784 dequibus
1385 3707 1512 3785 cogitari

185 3810 291 3889 possit,
313 3813 365 3889 qui
386 3820 458 3871 sunt
477 3812 519 3871 hi.

274 3912 302 3971 l.
343 3912 380 3971 L.
403 3911 585 3989 Calpurnius
606 3913 642 3973 L.
664 3913 685 3972 f.
708 3913 781 3973 Piso
804 3911 937 3990 (Frugi)
959 3911 1066 3972 consul
1087 3932 1114 3972 a.
1130 3912 1206 3985 739,
1232 3920 1369 3970 mortuus
1394 3918 1513 3988 octoge-

186 4012 289 4071 narius
311 4032 339 4072 a.
354 4034 383 4073 u.
398 4033 425 4074 e.
441 4014 501 4075 785
521 4038 558 4065 =
579 4033 609 4090 p.
625 4012 697 4075 Chr.
713 4014 768 4086 32,
794 4015 831 4073 de
852 4032 912 4091 quc
934 4013 1188 4090 supradiximus.
1231 4011 1326 4089 Fmgi
1347 4027 1513 4086 cognomen

187 4113 362 4192 plerumque
383 4114 538 4174 omittitur.

271 4213 301 4273 3.
341 4214 378 4273 L.
400 4213 583 4292 Calpurnius
604 4215 679 4275 Piso
707 4217 734 4275 is
759 4217 811 4291 qui
836 4214 953 4291 legatus
975 4213 1142 4291 Hispaniae
1163 4213 1309 4273 citerioris
1330 4213 1422 4289 periit
1440 4232 1468 4271 a.
1483 4230 1513 4287 p.

191 4312 262 4375 cur.
278 4314 328 4388 26,
350 4334 438 4393 quem
459 4316 553 4376 filium
575 4316 782 4394 praecedentis
803 4316 898 4375 fuisse
919 4313 1014 4373 videri
1036 4332 1128 4390 supra
1148 4314 1384 4373 observavimus.

267 4501 291 4565 ¹)
317 4503 375 4554 Hoc
396 4502 526 4553 siveram
551 4509 603 4564 est,
627 4502 694 4553 tituli
718 4503 770 4553 duo
789 4503 901 4553 urbanus
919 4501 988 4550 Mur.
1004 4500 1070 4561 153,
1090 4501 1105 4549 3
1130 4500 1208 4549 hodie
1231 4499 1257 4548 in
1278 4498 1407 4563 Oapitolio
1427 4496 1513 4548 adser-

189 4598 275 4642 vatur:
292 4590 364 4643 Ialla
381 4593 429 4655 (sio
445 4594 547 4643 videtur
564 4608 620 4645 csse
638 4595 665 4644 in
684 4595 770 4659 lapide
788 4594 855 4644 male
873 4590 979 4656 scripto)
998 4588 1031 4640 L.
1051 4588 1154 4641 Pisonis
1167 4588 1276 4657 purity„-
1295 4589 1406 4639 Aemilia
1420 4585 1513 4655 Helpis

189 4683 292 4733 merenti
300 4682 368 4747 serit
387 4690 413 4733 et
430 4684 535 4734 Veleias
555 4684 624 4750 apud
641 4686 749 4735 Lamum
768 4685 828 4735 isar.
847 4682 917 4733 della
934 4680 1008 4732 acala
1025 4678 1138 4731 Farasse
1156 4697 1182 4745 p.
1196 4682 1245 4731 60:
1268 4677 1302 4730 L.
1324 4676 1462 4746 Calpurnia
1480 4675 1514 4728 L.

183 4771 209 4837 s.
228 4771 320 4823 Pisani
334 4773 426 4841 pontis.
445 4790 496 4826 eoa.
515 4775 572 4840 pari
590 4776 646 4825 iare
664 4774 754 4825 reterri
771 4780 892 4840 poteraut
909 4772 943 4823 ad
961 4772 1079 4823 eonsules
1098 4786 1122 4822 a.
1135 4788 1160 4822 a.
1174 4788 1196 4822 c.
1211 4772 1263 4822 739
1283 4778 1310 4820 et
1328 4787 1354 4835 p.
1367 4770 1430 4821 Chr.
1444 4770 1488 4821 57.

265 4860 291 4925 ²)
316 4861 438 4932 Κρᾶσσος
455 4853 627 4933 Καλποῦρνιος
644 4862 690 4914 ‘eda
707 4854 832 4935 lipaiaaav
851 4857 946 4913 διαίνων
964 4858 1064 4931 marat
1082 4863 1151 4927 apud
1168 4861 1280 4913 Dionem
1298 4861 1342 4923 68,
1357 4861 1388 4924 3;
1409 4858 1516 4927 Culpar-

191 4954 248 5003 m‘as
268 4950 376 5005 Grmsas
394 4955 422 5006 ta
438 4956 551 5007 Victoria
569 4957 682 5023 epitoma
700 4957 744 5021 13,
759 4958 791 5019 '13
810 4954 896 5023 Frugi
915 4950 1024 5007 arma
1042 4954 1071 5007 in
1089 4955 1157 5005 vitae
1175 4952 1301 5005 Hadriani
1319 4968 1342 5003 o.
1357 4952 1387 5016 53
1409 4948 1519 5003 Crassus

191 5044 261 5109 apud
278 5044 392 5097 Dionem
410 5046 514 5108 68,16.

268 5132 294 5197 ⁸)
319 5136 448 5189 Martialis
466 5138 493 5199 4,
506 5138 550 5190 40.
