3480 5804
390 488 461 558 198
979 503 1125 554 nanzan

386 679 525 754 Denique
551 676 630 753 quod
658 676 762 734 scribit
782 673 974 751 Lampridius
1001 674 1077 749 (rita
1098 675 1186 733 Alex.
1209 676 1263 750 43)
1289 677 1417 734 nundino
1438 686 1532 735 vetera
1559 697 1593 736 ec
1618 680 1724 738 ordine

386 780 554 839 instituisse
577 775 719 837 Severum
741 776 964 848 Alexandrum,
992 776 1210 835 Brambachius
1236 778 1282 852 (p.
1301 777 1353 852 17)
1379 778 1422 836 ita
1448 778 1580 854 explicat
1604 779 1721 837 collato

386 881 453 941 loco
464 881 584 950 Dionis,
598 864 732 937 nundina
742 885 844 938 vetera
857 878 1011 937 bimestris
1025 896 1093 936 esse
1107 878 1245 936 instituta
1258 878 1421 936 secundum
1432 879 1531 954 ipsum
1541 899 1560 938 a
1570 879 1720 952 Traiano,

386 983 504 1041 turbata
529 992 628 1040 antem
655 1000 673 1037 a
695 978 860 1038 Commodo
881 980 1169 1057 imperatoribusque
1191 979 1419 1056 posterioribus.
1461 979 1544 1039 Idem
1566 981 1720 1058 proximis

387 1092 456 1161 post
471 1081 677 1141 Alexandrum
695 1082 878 1158 temporibus
894 1081 1052 1157 quicquam
1068 1090 1210 1138 novatum
1227 1099 1292 1139 esse
1307 1089 1406 1159 nogat,
1427 1091 1586 1159 eapropter
1600 1091 1720 1140 tantum

387 1187 417 1243 ni
432 1185 531 1253 fallor,
546 1182 626 1258 quod
641 1183 677 1240 de
691 1183 779 1240 fastis
794 1192 960 1258 temporum
974 1200 1051 1257 qnae
1066 1182 1205 1257 proxime
1218 1191 1384 1257 sequuntur
1397 1190 1525 1241 aetatem
1536 1183 1721 1253 Alexandri,

386 1287 462 1345 nibil
473 1285 594 1343 omnino
605 1284 754 1342 novimus.
780 1282 998 1342 Documentum
1010 1292 1109 1341 antem
1121 1283 1202 1358 quod
1213 1281 1250 1340 de
1261 1283 1348 1342 fastis
1362 1284 1471 1342 saeculi
1487 1285 1566 1342 tertii
1578 1292 1720 1360 superest

387 1407 448 1445 nou
469 1395 530 1445 tam
553 1385 727 1462 primarium
744 1402 833 1460 quam
848 1387 967 1443 unicum
982 1393 1012 1442 et
1026 1392 1182 1460 praeterea
1194 1385 1393 1455 notissimum,
1415 1403 1597 1462 quamquam
1611 1386 1719 1444 nescio

386 1508 446 1563 quo
470 1487 558 1546 modo
574 1487 804 1544 Brambachium
826 1487 912 1560 fugit,
933 1485 1081 1543 fastorum
1098 1484 1279 1544 Calenorum
1300 1485 1497 1561 fragmentum
1520 1486 1559 1562 (I.
1575 1485 1615 1544 N.
1632 1486 1717 1545 3946

388 1616 425 1640 =
443 1589 496 1648 Or.
512 1589 636 1647 Henzen
652 1587 747 1663 6447)
769 1587 920 1664 pertinens
935 1587 973 1645 ad
990 1605 1100 1644 annum
1116 1586 1186 1659 289,
1204 1605 1271 1644 oum
1293 1596 1434 1661 quattuor
1454 1596 1609 1647 recenseat
1630 1588 1719 1664 paria

387 1691 554 1761 consulum,
576 1707 787 1763 nonnunquam
809 1696 888 1746 certe
909 1706 945 1745 ea
966 1697 1064 1745 aetate
1085 1688 1218 1745 nundina
1231 1688 1325 1746 fnisse
1340 1688 1471 1747 declarat
1485 1689 1610 1765 siugulis
1627 1690 1726 1747 annis.

387 1804 541 1868 quaterna.
589 1789 650 1850 Sed
675 1808 735 1847 non
763 1789 959 1863 aequabiliter
983 1789 1013 1847 in
1039 1798 1141 1866 partes
1167 1796 1309 1863 quattuor
1335 1809 1446 1848 annum
1472 1790 1557 1850 illum
1583 1791 1717 1849 divisum

388 1911 456 1951 esse
482 1891 612 1967 epistula
637 1891 821 1949 demonstrat
845 1888 951 1947 eodem
975 1908 1054 1947 anno
1081 1909 1099 1947 a
1124 1889 1369 1965 quindecimviris
1391 1890 1484 1949 sacris
1506 1892 1654 1951 faciundis
1676 1893 1717 1950 ad

388 1993 540 2052 Cumanos
562 1993 655 2050 missa
676 1990 715 2066 (l.
731 1988 771 2049 N.
788 1989 868 2048 2558
886 2014 923 2039 =
941 1989 993 2048 Or.
1011 1989 1122 2065 2263);
1144 1990 1185 2049 ibi
1207 1992 1286 2049 enirn
1307 1993 1358 2068 qui
1381 2011 1407 2050 a.
1430 1993 1460 2051 d.
1474 1993 1550 2051 XVI
1567 1993 1716 2052 kalendas

386 2093 576 2170 Septembres
603 2091 742 2150 consules
770 2091 961 2149 nominantur
977 2080 1029 2150 Μ.
1054 2091 1199 2151 Umbrius
1224 2092 1345 2152 Primus
1372 2103 1403 2151 et
1423 2093 1460 2152 T.
1489 2093 1614 2153 Flavius
1637 2093 1717 2153 Goe-

386 2196 486 2253 lianus
511 2194 543 2250 in
568 2193 656 2251 fastis
679 2190 802 2250 Calenis
830 2191 990 2250 secundnm
1018 2192 1183 2251 nundinum
1210 2194 1345 2252 obtinent
1371 2193 1422 2269 (cf.
1450 2195 1486 2253 de
1507 2193 1600 2254 Roasi
1621 2197 1716 2254 inser.

387 2296 521 2356 christl
546 2314 575 2372 p.
589 2293 666 2369 XV)
689 2311 743 2350 nec
763 2293 919 2369 probabile
940 2293 1038 2351 estin
1061 2293 1157 2351 altero
1178 2301 1245 2352 utro
1264 2295 1442 2353 documento
1457 2314 1588 2354 errorem
1601 2297 1715 2357 inesse.

388 2396 535 2455 Videntur
547 2395 639 2470 igitur
660 2412 738 2452 enno
754 2391 813 2451 289
834 2392 966 2451 nundina
980 2393 1039 2452 duo
1054 2394 1155 2470 priora
1170 2394 1399 2470 quadrimestria
1412 2395 1516 2468 luisse,
1538 2397 1597 2455 dno
1612 2406 1716 2473 poste·

386 2501 468 2557 riora
493 2513 552 2555 non
578 2496 664 2564 item3
690 2495 765 2552 haec
791 2488 890 2551 utrum
917 2494 1073 2553 bimestria
1098 2495 1210 2554 fuerint
1234 2514 1273 2554 an
1294 2504 1417 2573 propter
1437 2514 1558 2556 causam
1580 2498 1715 2575 aliquam

387 2602 520 2678 ignotam
541 2595 716 2654 consulibus
738 2594 863 2654 nundini
884 2595 964 2653 tertii
985 2595 1157 2654 consulibus
1179 2597 1232 2655 alii
1251 2607 1339 2656 extra
1358 2597 1491 2657 ordinem
1508 2598 1625 2657 suffecti
1642 2601 1713 2673 sint,

387 2719 448 2760 non
473 2699 576 2775 liquet.
619 2695 798 2773 Legitimum
824 2704 923 2753 autem
949 2695 1159 2754 consulatuum
1186 2698 1252 2755 eius
1277 2698 1384 2756 aetatis
1411 2707 1528 2774 tempus
1552 2702 1714 2775 quominus

388 2808 451 2860 tuto
474 2799 651 2873 colligamus
673 2816 711 2854 ex
732 2796 818 2854 fastis
833 2793 967 2868 Galeris,
988 2796 1112 2873 impedit
1132 2797 1243 2872 pagina
1263 2815 1366 2856 eorum
1388 2799 1634 2875 alteraquamris
1649 2822 1715 2861 mu-

388 2901 442 2959 tila
463 2909 493 2958 et
514 2898 593 2957 male
614 2896 775 2972 descripta,
797 2914 875 2972 quae
898 2896 962 2955 dies
985 2899 1137 2956 contineat
1157 2898 1363 2957 consulatuum
1385 2900 1525 2959 initorum
1541 2920 1608 2960 cnm
1622 2903 1714 2963 fastis

387 3001 458 3060 anni
473 2999 532 3058 289
560 3017 622 3056 non
644 2998 719 3055 satis
740 2997 958 3056 convenientes.
1002 2997 1070 3055 Hoc
1091 3014 1165 3056 sane
1186 2998 1347 3057 ostendunt
1368 3001 1559 3059 suffectorum
1581 3005 1714 3077 nomina,

387 3117 567 3177 quamquam
582 3098 619 3155 ad
635 3115 743 3155 annum
764 3097 955 3156 iudicandum
970 3098 1030 3155 iam
1044 3117 1082 3156 ne
1096 3098 1214 3174 publice
1228 3099 1346 3175 quidem
1362 3101 1589 3173 adhibebantur,
1611 3113 1713 3163 tamen

386 3203 436 3262 vel
457 3219 493 3259 ea
513 3207 609 3258 aetate
629 3199 661 3256 iu
682 3205 749 3256 acta
774 3198 895 3275 publica
915 3198 1011 3258 relata
1030 3215 1110 3258 esser
1136 3217 1196 3275 qua
1218 3199 1254 3259 de
1275 3219 1307 3258 re
1329 3202 1393 3260 sine
1414 3202 1495 3260 iusta
1515 3221 1606 3263 causa
1626 3204 1713 3264 dubi·

388 3303 462 3361 tarit
474 3299 693 3360 Brambachius
713 3298 756 3374 (p.
770 3296 834 3374 20).
863 3297 932 3372 Qua
945 3308 1044 3359 autem
1059 3301 1175 3359 ratione
1189 3300 1301 3360 factum
1316 3303 1365 3375 sit,
1386 3309 1420 3361 nt
1433 3303 1575 3379 temporis
1589 3305 1714 3364 notandi

387 3420 480 3462 cansa
504 3401 694 3460 suffectorum
720 3400 842 3460 nomina
867 3402 1067 3460 monumentis
1093 3402 1220 3478 amplius
1243 3421 1302 3461 nou
1324 3403 1564 3475 inscriberentur,
1590 3403 1622 3461 id
1643 3406 1713 3465 loco

387 3503 476 3562 modo
498 3502 589 3560 citato
609 3501 751 3578 exposuit
770 3501 909 3561 Rossius.

471 3600 557 3675 Quae
584 3602 620 3661 de
647 3603 780 3680 priorum
806 3603 995 3662 saeculorum
1016 3621 1104 3663 aerae
1125 3610 1246 3664 nostrae
1267 3603 1408 3662 nundinis
1430 3605 1636 3666 consularibus
1659 3625 1713 3666 ex-

387 3703 553 3781 posuimus,
575 3720 635 3777 quo
657 3703 765 3763 melius
786 3712 900 3762 mutata
921 3722 1025 3764 eorum
1045 3705 1122 3763 ratio
1143 3715 1296 3783 appareat,
1313 3705 1418 3765 tabula
1438 3705 1589 3782 complexi
1607 3723 1713 3766 sumus

387 3802 565 3877 subscripta.
