3480 5804
204 481 273 549 190
794 486 938 539 nunnus

279 665 390 726 ‘Galba
416 675 445 724 et
466 663 555 722 Vinio
582 661 745 719 interiectis
771 662 802 719 in
827 660 895 735 ipso
922 656 1078 716 consulatu
1104 673 1130 712 a.
1148 653 1185 712 69
1210 653 1258 711 die
1280 652 1344 709 lau.
1363 652 1415 721 15,
1445 647 1528 708 Otho

198 789 265 828 cum
292 769 384 826 fratre
406 765 529 823 Titiano
555 765 586 821 in
612 763 712 820 locum
734 779 835 819 eorum
858 758 1016 828 successit,
1044 755 1098 814 sed
1119 765 1152 814 ut
1174 753 1363 812 consulatum
1388 751 1531 809 retineret

199 880 313 929 tantum
337 867 375 925 ad
396 867 485 924 finem
508 865 619 922 mensis
640 862 806 931 Februarii,
828 859 860 918 id
881 858 960 934 quod
982 867 1012 916 et
1025 856 1150 915 Tacitus
1171 856 1213 913 ait
1234 863 1263 912 et
1284 864 1353 912 acta
1367 851 1528 910 Arvalium

200 989 294 1046 nuper
321 968 440 1044 egregie
461 965 685 1034 confirmarunt,
713 981 781 1021 oum
802 962 832 1019 k.
856 960 974 1017 Martiis
997 957 1136 1015 consules
1158 962 1272 1032 ponant
1294 974 1354 1012 non
1376 953 1449 1023 hos,
1478 951 1531 1009 sed

163 1096 167 1101 ’
199 1071 309 1129 Rufum
333 1077 363 1127 et
378 1067 553 1141 Vopiscum.
596 1065 731 1122 Inierunt
752 1069 851 1120 autem
874 1059 1009 1119 Othones
1031 1058 1138 1115 fratres
1160 1075 1221 1114 non
1242 1055 1310 1130 ipso
1333 1073 1369 1113 eo
1390 1054 1448 1124 die,
1471 1070 1532 1129 quo

201 1170 300 1230 Galba
325 1188 393 1226 cum
408 1167 498 1226 Vinio
525 1165 650 1236 interiit,
678 1163 733 1222 sed
753 1171 822 1238 post
842 1159 1048 1230 intervallum,
1077 1157 1193 1216 scilicet
1214 1155 1291 1214 inter
1313 1155 1377 1213 dies
1399 1155 1463 1212 Ian.
1481 1152 1533 1223 26,

200 1289 260 1348 quo
282 1270 360 1329 diem
384 1269 491 1337 solum,
513 1265 653 1325 consules
676 1264 776 1322 nullos
798 1273 865 1321 acta
886 1261 1042 1319 Arvalium
1064 1257 1235 1328 enuntiant,
1259 1262 1289 1314 et
1309 1256 1374 1314 Ian.
1393 1255 1448 1326 30,
1471 1271 1533 1330 quo

200 1372 313 1430 habent
334 1369 473 1428 consules
497 1366 643 1425 Othoucs.
685 1363 811 1422 Vacavit
831 1363 922 1440 igitur
944 1378 1079 1422 summus
1103 1359 1295 1436 magistratus
1317 1375 1372 1432 per
1393 1355 1457 1414 dies
1478 1373 1534 1412 un·

202 1472 298 1531 decim
321 1471 369 1529 vel
391 1469 493 1545 paullo
516 1467 627 1543 plures.

283 1569 352 1644 ‘Qui
375 1578 585 1629 successerunt
600 1566 770 1626 Othonibus
792 1564 821 1622 d.
837 1564 924 1623 Mart.
943 1565 956 1620 1
981 1560 1195 1638 L.'Verginius
1217 1558 1316 1617 Rufus
1332 1557 1363 1615 ll
1384 1555 1420 1614 L.
1443 1555 1535 1614 Pom·

202 1673 289 1749 peius
304 1671 468 1747 Vopiscus,
489 1687 542 1727 eos
564 1670 601 1727 ab
618 1667 739 1726 Othone
761 1666 934 1741 designatos
956 1680 1022 1722 csse
1037 1661 1162 1720 Tacitus
1184 1659 1299 1730 scribit,
1321 1657 1434 1716 addens
1456 1666 1535 1715 cete·

204 1790 254 1831 ros
281 1771 419 1829 consules
447 1769 596 1827 mansisse
623 1787 661 1826 ex
687 1766 886 1825 destinatione
907 1764 1041 1840 priorum
1063 1764 1284 1837 imperatorum.
1325 1758 1425 1817 Etiam
1447 1776 1535 1816 accu-

203 1871 298 1930 ratius
327 1872 369 1928 ait
390 1869 571 1928 Plutarchus
594 1867 665 1927 Oth.
689 1871 719 1925 l:
747 1854 777 1923 iu
803 1854 852 1933 aiu
877 1858 964 1924 edric
985 1861 1096 1938 (Otho)
1123 1850 1274 1919 ὑπατεύειν
1296 1848 1399 1942 χρόνον
1420 1845 1536 1926 iuriis,

203 1962 303 2028 τούτου
326 1961 405 2053 μέρος
425 1962 527 2034 ἔνειμεν
550 1961 702 2050 Οὐεργινίῳ
723 1957 846 2042 Ῥούφῳ.
890 1965 1019 2022 storiati
1039 1981 1161 2032 musaea,
1184 1978 1260 2034 quos
1284 1958 1434 2018 Othonem
1456 1959 1536 2018 Rufo

205 2081 235 2130 et
256 2069 390 2147 Vopisco
413 2070 614 2128 destinavisse
635 2069 712 2127 idem
735 2067 860 2126 Tacitus
883 2075 987 2124 auctor
1009 2074 1065 2134 est,
1087 2063 1213 2121 Martius
1236 2071 1266 2118 et
1289 2060 1403 2137 Aprilis
1425 2059 1537 2118 fuerint

205 2189 328 2231 necesse
350 2179 409 2242 est,
436 2189 504 2229 cum
527 2170 701 2246 praesertim
725 2168 817 2227 addat
838 2169 877 2227 iis
900 2166 1084 2224 successisse
1106 2162 1245 2222 consules
1269 2160 1397 2222 Sabinos
1420 2167 1536 2220 creatos

205 2273 237 2330 in
258 2273 288 2330 lr.
311 2271 413 2341 Iulias,
436 2270 466 2328 id
487 2270 605 2346 estqui
626 2288 680 2346 per
701 2287 820 2328 menses
842 2269 955 2327 Maium
976 2274 1007 2326 et
1027 2265 1148 2324 Iunium
1169 2264 1268 2322 fasces
1290 2274 1436 2339 gererent
1473 2260 1537 2319 Do·

207 2381 331 2430 suerunt
351 2378 451 2429 tamen
473 2378 539 2428 scta
552 2371 710 2429 Arvalium
726 2368 855 2429 Sabinos
876 2369 976 2428 fasces
999 2368 1059 2426 iam
1075 2366 1208 2424 tenuisse
1226 2364 1254 2422 d.
1270 2367 1346 2439 Apr.
1364 2365 1418 2434 303
1442 2379 1537 2438 nequo

206 2473 236 2529 id
265 2470 380 2529 ratione
409 2479 499 2529 caret.
543 2469 623 2528 Nam
652 2471 768 2529 devicto
791 2468 911 2530 Othone
937 2478 967 2527 et
992 2467 1149 2526 interfecto
1177 2466 1205 2524 d.
1236 2483 1261 2523 c.
1285 2467 1359 2541 Apr.
1383 2463 1420 2521 16
1442 2462 1539 2522 Rufus

207 2571 408 2646 expeditionis
431 2588 531 2629 comes
554 2581 584 2630 et
604 2573 688 2647 regni
709 2570 930 2647 quodammodo
952 2569 1107 2627 affectator
1128 2567 1240 2624 invitus
1261 2566 1362 2623 statim
1377 2565 1473 2623 fasces
1488 2563 1539 2621 de·

207 2672 343 2747 posuerit
364 2689 486 2730 necesse
508 2682 554 2729 est
574 2672 700 2746 eiusque
722 2672 893 2747 exemplum
916 2669 1061 2747 collegam
1084 2676 1220 2728 secutum
1242 2685 1309 2725 esse
1331 2665 1497 2741 probabile.

291 2768 423 2829 ‘Praeter
444 2772 529 2848 paria
551 2791 586 2829 ea
607 2773 676 2840 duo,
698 2771 734 2828 de
756 2771 863 2846 quibus
886 2770 1027 2840 diximus,
1049 2769 1080 2827 in
1098 2770 1177 2826 hunc
1192 2787 1302 2826 anuum
1318 2766 1459 2826 consules
1475 2766 1540 2824 nul·

209 2872 255 2930 los
278 2872 450 2948 designatos
473 2889 537 2930 esse
560 2872 598 2928 ab
613 2871 733 2930 Othone
756 2881 894 2929 auctores
915 2870 1024 2928 diserte
1047 2870 1198 2928 affirmant
1218 2869 1400 2927 Plutarchus
1416 2867 1488 2927 Oth.
1508 2869 1539 2925 l:

211 2959 241 3027 du
262 2960 310 3036 aiu
331 2965 417 3031 αὖτός
432 2963 581 3028 ὑπατεύειν
595 2965 698 3051 χρόνον
716 2959 830 3040 iuriis,
851 2959 950 3026 τούτου
966 2960 1045 3051 piper
1059 2960 1159 3036 irrisuri
1181 2962 1332 3052 Οὐεργινίῳ
1348 2959 1464 3042 Ροῦφῳ,
1483 2969 1541 3027 τοῖς

212 3062 243 3129 di
262 3063 507 3146 sinadedesyur'uosc
526 3065 580 3126 sind
597 3061 716 3150 Νέρωνος
734 3059 875 3137 ἢΓιῖλβα
896 3071 984 3126 πᾶσιν
1006 3061 1119 3150 irripere
1142 3063 1194 3127 acic
1216 3061 1351 3128 dnoerss'rsc
1371 3077 1402 3127 et
1415 3068 1540 3128 Tacitus

212 3169 284 3229 hist.
301 3170 393 3239 1‚77:
415 3170 515 3228 consul
535 3188 597 3228 cum
614 3170 723 3227 Iiaono
738 3172 837 3245 fratre
858 3173 889 3226 in
906 3168 934 3227 k.
950 3170 1079 3228 Martias
1091 3174 1167 3245 ipss:
1187 3174 1334 3246 prosimos
1348 3188 1453 3228 menses
1472 3169 1539 3227 Ver·

212 3273 291 3346 pinio
313 3273 439 3330 dutinus
534 3273 662 3344 iunpitur
678 3270 814 3344 l'erpinio
828 3269 981 3344 Pompeius
999 3269 1138 3344 Vopiscus
1222 3275 1305 3329 semri
1326 3270 1542 3328 consuluisses

213 3371 400 3429 destinatione
421 3371 545 3429 Neronis
570 3381 621 3428 aut
645 3370 756 3430 Galbae
776 3389 917 3443 mansere,
943 3369 1041 3429 Caelio
1063 3389 1098 3428 uc
1118 3371 1223 3429 Flauio
1246 3369 1365 3430 Sabinis
1387 3375 1417 3428 in
1437 3371 1541 3441 Icilius,

214 3469 304 3528 Arrio
318 3471 464 3528 Antonino
477 3481 503 3529 st
517 3471 616 3529 Mario
633 3471 713 3531 Celso
736 3472 786 3547 (ct.
804 3472 874 3530 hist.
893 3473 920 3543 1,
938 3471 989 3546 14)
1012 3475 1043 3528 in
1059 3469 1244 3547 Septembres,
1258 3491 1377 3547 quorum
1391 3473 1542 3530 bonoribus

214 3590 249 3629 ne
266 3571 396 3629 Vitellius
419 3571 530 3645 quidem
550 3576 639 3632 uictor
659 3576 826 3632 intercessit.
861 3571 951 3631 Unde
972 3571 1099 3648 primum
1121 3571 1272 3647 colligitur
1287 3570 1415 3631 Galbam
1437 3572 1493 3630 sibi
1514 3581 1544 3630 et

215 3669 303 3728 Vinio
318 3670 416 3729 fasces
431 3671 551 3731 dedisse
565 3674 596 3732 in
612 3673 777 3730 nundinum
792 3673 1023 3748 quadrimestre3
1044 3691 1111 3730 nam
1126 3674 1183 3730 hoc
1198 3672 1282 3730 aiunt
1296 3683 1432 3731 auctores
1448 3672 1544 3733 Otho·

215 3787 282 3827 nem
305 3771 380 3828 nihil
402 3790 541 3845 novasse,
563 3782 677 3832 tantum
700 3772 863 3830 interiectis
884 3773 1059 3830 consulibus
1081 3773 1157 3831 alios
1178 3773 1334 3829 suffecisse
1355 3790 1500 3850 suumque
1515 3780 1545 3832 et

215 3869 317 3930 fratris
341 3871 517 3948 dignitatem
544 3874 732 3932 consularem
760 3881 921 3930 coartasse.
965 3871 1111 3930 Proxima
1132 3873 1190 3930 duo
1212 3871 1345 3929 nundina
1365 3883 1435 3946 post
1457 3894 1545 3932 suum

217 3967 349 4030 Galbam
365 3971 485 4032 dedisse
506 3973 661 4032 bimestris
676 3972 801 4032 Tacitus
822 3973 933 4031 diserte
954 3971 1005 4031 ait.
1041 3972 1090 4031 De
1104 3982 1245 4050 quattuor
1259 3972 1414 4032 mensibus
1429 3986 1545 4049 postre-

216 4070 273 4130 mis
300 4071 373 4148 quid
394 4072 421 4131 is
449 4074 601 4147 statuerit,
628 4091 689 4133 non
711 4054 858 4146 anundus,
884 4073 1046 4151 possisque
1066 4074 1158 4133 verba
1178 4072 1308 4132 auctoris
1330 4072 1373 4132 ita
1394 4076 1545 4150 explicare

220 4170 349 4233 Galbam
377 4175 554 4234 consulatus
580 4193 640 4235 non
662 4175 783 4236 dedisse
803 4175 864 4236 nisi
883 4175 921 4234 ad
943 4174 1020 4254 prid.
1042 4175 1072 4234 k.
1095 4171 1178 4250 Sept.
1221 4176 1263 4232 At
1284 4193 1349 4233 eam
1371 4175 1546 4253 interpreta-

218 4275 331 4334 tionem
359 4276 426 4353 ipss
451 4276 578 4337 Tacitus
603 4277 715 4336 refutat
739 4277 800 4337 alio
825 4277 893 4336 loco
920 4276 953 4349 i,
974 4276 1011 4334 71
1042 4275 1194 4336 consulem
1221 4276 1379 4335 nominans
1406 4277 1436 4335 in
1465 4277 1547 4338 hunc

218 4393 328 4434 annum
351 4377 532 4437 destinatum
555 4398 574 4437 a
588 4376 689 4438 Galba
702 4378 857 4437 Valerium
871 4377 1030 4436 Marinum.
1065 4376 1165 4435 Etiam
1187 4376 1238 4435 alii
1260 4377 1319 4434 duo
1342 4378 1430 4436 simul
1453 4381 1545 4438 nomi-

218 4477 281 4534 nati
303 4477 435 4537 Marcius
456 4479 559 4538 Macer
580 4489 610 4538 et
631 4479 783 4539 Pedanius
805 4477 901 4539 Costa
926 4477 1096 4555 pariterque
1122 4487 1212 4554 atquc
1234 4478 1369 4537 Marinus
1391 4499 1410 4538 a
1423 4479 1546 4538 Vitellio

219 4577 332 4636 honore
353 4578 454 4637 futuro
474 4579 584 4656 privati
605 4580 683 4639 inter
703 4580 843 4640 consules
864 4578 975 4640 fuerim
995 4596 1117 4639 necesse
1138 4588 1185 4637 est
1201 4599 1219 4636 a
1234 4577 1334 4638 Galba
1348 4587 1399 4638 aut
1413 4588 1546 4639 retentos

220 4687 273 4735 aut
299 4677 411 4750 factos3
438 4698 506 4738 nam
528 4679 678 4740 Othonem
701 4701 720 4740 a
740 4680 913 4741 consulibus
935 4681 1070 4741 creandis
1091 4680 1274 4739 abstinuisse
1295 4681 1383 4739 modo
1406 4681 1545 4741 vidimus.

219 4773 359 4853 Denique
374 4776 410 4840 G.
427 4777 584 4853 Quinctius
598 4783 731 4855 Atticus,
752 4782 805 4859 qui
826 4781 926 4842 fasces
947 4781 1044 4862 gessit
1065 4780 1155 4840 huius
1177 4781 1247 4839 anni
1269 4799 1372 4841 mense
1385 4782 1544 4842 Decembri

220 4875 359 4947 (Tacitus
383 4879 416 4951 3,
432 4880 470 4939 73
484 4880 578 4960 esu),
606 4882 770 4943 credendus
797 4892 844 4942 est
869 4891 900 4942 et
923 4884 991 4961 ipse
1013 4881 1183 4942 nominatus
1205 4899 1272 4943 esse
1293 4902 1312 4941 a
1334 4881 1448 4954 Galba,
1476 4902 1545 4941 nam

220 4975 247 5033 si
269 4976 410 5038 Vitellius
431 4999 498 5039 eum
520 4993 653 5044 creasset
672 4983 704 5043 in
725 4984 824 5044 locum
846 4983 925 5044 alius
945 4983 1092 5062 designati
1114 5000 1133 5040 a
1154 4980 1262 5054 Galba,
1286 4983 1351 5042 sine
1374 4983 1464 5041 dubio
1487 4983 1546 5042 Ta·

220 5075 296 5133 citus
324 5094 392 5135 eum
421 5081 516 5142 tribas
542 5083 664 5160 reliquie
686 5084 843 5146 aVitellio
864 5085 952 5147 tactis
973 5085 1170 5146 adiunxisset.
1214 5082 1272 5143 His
1293 5083 1400 5161 positis
1423 5095 1547 5161 apparet
