3480 5804
783 541 785 545 Α
806 471 1078 523 8888888888

385 647 541 722 Reliquias
570 645 625 702 has
655 644 734 720 lapis
766 645 878 701 fractus
907 643 949 699 ita
980 640 1136 717 proponit,
1169 647 1202 695 ut
1234 656 1310 714 quae
1342 647 1506 713 sequuntur
1537 642 1608 710 post

306 749 307 753 ’
384 762 535 806 volcano
562 746 627 820 pari
653 745 716 801 iure
741 744 778 800 ad
802 743 880 800 diem
902 752 1074 818 sequentem
1096 743 1175 817 Aug.
1191 737 1231 796 ut
1252 738 1362 797 referre
1384 739 1498 815 possim
1527 744 1607 794 reete

383 859 484 906 tamen
509 845 671 904 Hennenus
699 844 776 901 diem
797 843 1006 901 Volcsnalium
1032 840 1189 917 praetulit,
1217 857 1283 897 cum
1311 839 1433 897 numina
1458 856 1534 914 quae
1561 853 1607 894 sc·

385 955 517 1023 quuntur
542 946 684 1023 pleraque
710 954 790 1002 certe
815 944 973 1001 coniuncta
998 943 1058 1001 siut
1083 959 1149 999 curn
1175 940 1320 998 incendiis
1342 938 1488 998 arcendis.
1531 935 1608 994 Ver·

385 1064 437 1105 sus
458 1048 487 1104 18
510 1066 569 1121 quo
592 1046 701 1122 legitur
723 1055 1119 1115 Q'1a·1n·co1.t.s·voux
1141 1042 1296 1099 restitutus
1319 1048 1366 1098 881
1386 1041 1417 1098 18
1444 1039 1542 1097 111818.
1564 1069 1607 1079 -

385 1143 479 1207 Sacra
510 1147 583 1205 haec
615 1146 695 1222 apud
728 1155 864 1202 auctores
892 1162 952 1200 non
980 1150 1248 1199 commemorantur
1275 1159 1371 1216 neque
1402 1137 1608 1215 hemerologia

383 1247 480 1305 adhuc
506 1253 577 1304 nota
602 1265 705 1304 eorum
732 1246 911 1302 mentionem
936 1243 1071 1300 18881881
1091 1252 1298 1318 praeterquam
1320 1242 1400 1316 quod
1422 1241 1452 1297 in
1469 1237 1607 1296 Valleusi

341 1362 344 1367 ’
383 1348 422 1405 81
454 1347 531 1403 huuc
563 1346 640 1403 diem
674 1345 857 1420 adscriptum
889 1354 934 1400 est
960 1343 1088 1400 Volcano
1122 1346 1152 1398 in
1184 1346 1257 1398 ctrco
1287 1340 1443 1398 Flaminio.
1490 1338 1605 1396 Aedem

383 1447 513 1504 Volcani
540 1456 626 1505 extra
652 1447 754 1503 urbem
783 1445 878 1502 fuisse
899 1443 1079 1500 Plutarchus
1105 1443 1148 1498 ait
1172 1442 1215 1516 (q.
1238 1441 1326 1499 Rom.
1349 1442 1418 1516 47),
1444 1440 1475 1498 18
1501 1457 1607 1514 campo

383 1548 511 1606 collocat
538 1545 645 1603 Livius
674 1543 728 1615 tt,
752 1545 803 1614 10,
824 1544 859 1613 9;
888 1561 943 1600 888
968 1543 1118 1600 diversam
1145 1558 1211 1600 esse
1237 1543 1296 1598 ism
1324 1551 1397 1617 puto
1424 1559 1489 1598 eam
1516 1558 1606 1615 quam

384 1647 456 1706 iasti
476 1646 632 1704 Vallenses
659 1647 689 1703 in
716 1645 796 1702 circo
818 1643 967 1700 Flaminio
994 1651 1117 1719 ponunt.
1160 1640 1240 1699 Num
1269 1643 1368 1699 circus
1389 1640 1556 1699 Flaminius
1577 1648 1608 1700 et

382 1765 506 1824 campus
530 1746 656 1803 Martius
679 1761 860 1820 quamquam
881 1760 1068 1820 nequaquam
1095 1742 1262 1818 promiscue
1284 1751 1481 1818 usurpantur,
1507 1752 1607 1801 tamen

382 1849 472 1907 aedes
499 1849 531 1905 in
558 1846 685 1904 confinio
712 1845 813 1921 posita
837 1843 875 1901 ad
898 1853 1055 1919 utrumque
1076 1841 1182 1898 1818111
1203 1842 1310 1917 potuit.
1352 1841 1428 1899 Eam
1449 1841 1554 1900 881818
1575 1843 1606 1900 18

382 1949 462 2006 81188
490 1946 640 2004 Flaminio
668 1946 778 2003 iactam
808 1945 872 2003 sine
899 1943 988 2000 dubio
1016 1943 1105 2001 etiam
1133 1941 1205 2000 fasti
1231 1942 1388 2001 Arvalium
1416 1943 1513 2019 primo
1539 1942 1608 2000 loco

382 2048 617 2105 nominaverunt.
662 2045 775 2102 Eodem
808 2044 856 2101 die
888 2043 982 2101 eidem
1012 2043 1068 2100 deo
1091 2060 1209 2100 sacrum
1238 2043 1347 2100 iactum
1376 2060 1443 2101 8888
1464 2043 1607 2108 etiamiu

383 2149 512 2218 comitio,
535 2146 564 2203 id
587 2155 633 2203 est
654 2145 684 2202 18
699 2143 856 2201 volcanali
879 2144 942 2201 sive
964 2160 1035 2200 area
1051 2142 1178 2200 Volcani
1202 2142 1254 2216 (81.
1270 2141 1387 2202 Becker
1407 2151 1466 2219 top.
1489 2163 1517 2218 p.
1531 2140 1606 2216 187)

380 2248 470 2306 iidem
493 2246 705 2324 patefecerunt.
718 2277 757 2289 -
780 2243 937 2319 Nymphas
960 2242 1019 2317 (sic
1040 2243 1118 2300 enim
1141 2253 1219 2300 recte
1241 2245 1362 2302 omnino
1377 2243 1538 2301 Henzenus
1555 2262 1606 2302 vo·

383 2348 521 2408 cabuluur
536 2346 661 2404 fractum
676 2344 841 2421 supplerit)
860 2343 962 2401 aedem
977 2344 1007 2400 in
1023 2360 1128 2419 campo
1144 2343 1293 2413 habuisse,
1307 2343 1434 2402 Volcani
1447 2355 1520 2420 puto
1535 2363 1606 2403 con·

381 2449 509 2524 tiguam,
531 2464 610 2504 nunc
632 2446 760 2520 primum
785 2444 978 2503 addiscimus.
1021 2443 1159 2501 Putarim
1180 2452 1278 2502 tamen
1300 2445 1337 2504 ah
1359 2463 1395 2503 ea
1415 2444 1488 2503 aede
1510 2443 1606 2521 Nym-

382 2549 508 2624 pharum
536 2565 596 2604 888
623 2546 741 2604 differre
764 2545 875 2603 dudum
896 2555 997 2601 notam
1019 2542 1177 2613 Iuturnae,
1205 2561 1295 2618 quam
1317 2554 1440 2621 propter
1460 2564 1605 2622 aquarum

381 2648 512 2725 inopiam
540 2647 568 2704 ei
594 2647 703 2704 iactam
730 2663 798 2703 esse
825 2664 844 2701 a
869 2644 993 2701 Lutatio
1021 2640 1129 2702 Catulo
1157 2644 1199 2701 ibi
1225 2640 1288 2701 ‘ubi
1307 2642 1453 2721 Virginea
1475 2643 1607 2722 Campus

332 2799 337 2804 .
382 2749 482 2806 obitur
503 2743 593 2822 aqua’
615 2754 754 2803 auctores
777 2753 846 2803 sunt
864 2743 963 2801 Varro
986 2742 1080 2817 (apud
1103 2741 1241 2802 Servium
1263 2743 1300 2802 ad
1321 2747 1396 2802 Aen.
1419 2743 1555 2823 18138)
1577 2759 1607 2805 81

383 2847 512 2908 Ovidius
539 2847 626 2921 (1881.
653 2847 686 2916 1,
706 2845 782 2916 463;
810 2844 849 2902 81.
875 2843 991 2900 Becker
1016 2849 1078 2918 top.
1107 2862 1137 2919 p.
1159 2842 1248 2918 630).
1291 2843 1371 2902 Nam
1399 2845 1525 2903 Iuturna
1550 2847 1607 2905 dea

382 2940 536 3023 ‘Lympha'
552 2945 597 3020 (id
613 2953 661 3004 est
675 2943 830 3020 Nympha)
843 2937 983 3001 ‘Iuturna'
1005 2942 1085 3001 dictu
1100 2941 1230 3001 Varroni
1251 2943 1285 3018 (l.
1301 2943 1337 3002 1..
1355 2946 1384 3017 5,
1399 2945 1436 3003 71
1453 2946 1489 3004 81.
1507 2947 1535 3018 7,
1552 2949 1606 3023 87)

383 3046 487 3105 eodem
509 3055 632 3103 auctore
653 3044 746 3119 (apud
769 3042 906 3102 Servium
927 3042 964 3100 ad
987 3045 1065 3101 Aen.
1087 3042 1133 3115 11,
1152 3044 1224 3119 141)
1246 3044 1322 3102 18181
1343 3043 1501 3120 Nymphas
1522 3051 1607 3125 puni·

383 3157 432 3205 tur
459 3163 585 3220 eamque
612 3145 730 3203 assecla
750 3143 896 3202 Varronis
923 3141 1050 3201 Ovidius
1077 3143 1164 3218 (1881.
1187 3141 1215 3215 1,
1237 3145 1370 3220 59088.)
1397 3144 1606 3223 Nympharum

380 3245 556 3303 Latinarum
579 3262 713 3303 sororem
728 3243 885 3319 Naidaque
906 3244 1005 3319 ipsam
1027 3243 1168 3320 appellat.
1204 3241 1304 3317 Quare
1319 3245 1349 3302 in
1368 3245 1455 3304 tastis
1471 3258 1523 3306 aut
1536 3260 1607 3306 ante

382 3344 590 3423 Nympharum
613 3363 721 3404 nomen
743 3344 885 3402 Iuturnae
911 3342 1102 3401 inserendum
1130 3353 1176 3401 est
1201 3353 1231 3402 et
1251 3345 1295 3402 sic
1320 3345 1383 3403 iere
1408 3347 1607 3422 supplendum

383 3445 534 3521 [Iuturnas
555 3456 582 3504 81
600 3445 755 3522 NympNNa
776 3449 804 3502 tn
827 3443 971 3520 camp(o);
998 3453 1066 3515 aut,
1094 3444 1121 3500 si
1147 3443 1355 3520 supplemento
1381 3445 1409 3504 ei
1435 3448 1534 3524 spatia
1554 3449 1606 3506 ob·

383 3554 464 3605 stant
488 3548 520 3604 in
547 3546 629 3605 hisce
649 3545 737 3604 188118
760 3544 918 3602 difficulter
939 3543 1132 3615 dimetienda,
1160 3541 1368 3620 Nympharum
1389 3547 1508 3606 nomine
1529 3549 1607 3608 1188-

383 3665 449 3705 mus
470 3646 626 3704 Iuturnam
648 3645 869 3722 comprehendi
906 3643 991 3701 Haec
1013 3644 1039 3702 si
1061 3662 1131 3701 vera
1153 3653 1231 3716 sunt,
1253 3644 1436 3721 intellegitur
1450 3646 1606 3706 Iuturnam

383 3745 469 3803 deam
493 3747 603 3804 cultam
625 3763 694 3804 esse
716 3765 734 3802 8
747 3745 892 3803 Romanis
914 3753 1082 3818 propterea,
1104 3752 1136 3801 ut
1156 3763 1210 3820 per
1231 3762 1297 3802 eam
1317 3755 1502 3804 averteretur
1515 3766 1607 3823 aqua-

382 3864 448 3902 rum
469 3845 571 3921 inopia
591 3845 621 3901 in
643 3844 789 3903 incendiis
812 3843 948 3901 arcendis
963 3860 1152 3918 summopere
1171 3844 1312 3915 timenda,
1332 3863 1457 3920 eamque
1471 3846 1514 3906 118
1526 3859 1608 3907 18818

382 3944 520 4016 Vulcano
542 3945 673 4022 adiungi.
706 3944 782 4002 Eam
805 3943 1004 4001 coniecturam
1026 3943 1210 4018 ailquantum
1232 3944 1339 4014 firmat,
1361 3945 1443 4020 quod
1464 3946 1606 4007 Iuturnae

382 4043 469 4103 18888
496 4045 528 4102 18
553 4045 620 4102 1818
647 4062 706 4103 888
731 4045 774 4102 118
794 4043 882 4119 longe
909 4051 1040 4101 remotus
1067 4061 1086 4100 8
1104 4042 1267 4102 Vulcanali
1295 4045 1455 4122 respondet
1479 4048 1606 4107 aedibus

383 4143 498 4202 duabus
518 4143 758 4205 vicinisiisdem
786 4144 959 4202 numinibus
985 4151 1072 4202 extra
1098 4144 1200 4202 urbem
1229 4144 1381 4202 dedicatis.
1403 4178 1445 4188 —
1472 4147 1606 4207 1111888

383 4243 454 4302 olim
483 4243 649 4302 Diuturnae
682 4262 789 4302 nomeu
822 4244 916 4301 fuisse
944 4260 1039 4318 nuper
1067 4244 1184 4320 aperuit
1211 4244 1314 4302 titulus
1344 4247 1438 4304 musei
1464 4246 1606 4307 Vaticani

383 4343 508 4419 originis
535 4344 665 4402 incertae
690 4344 788 4402 editus
813 4344 844 4402 in
868 4342 1055 4421 ephemeride
1080 4343 1208 4400 instituti
1234 4345 1451 4422 archaeologici
1478 4367 1505 4405 a.
1527 4347 1604 4407 1871

382 4462 412 4518 p.
426 4443 483 4501 137
499 4443 537 4501 ab
553 4443 681 4518 Iosepho
696 4443 881 4502 Tomasellio
903 4444 947 4501 sic
968 4442 1129 4517 inscriptus
1151 4444 1312 4520 utrimque:
1339 4446 1494 4522 71118νὶ88)
1510 4447 1605 4523 Tride-

383 4544 460 4617 rr'us)
476 4544 549 4601 Iulii
562 4543 719 4619 Staphylus
734 4544 788 4619 [c]t
803 4544 965 4621 Nympicus
977 4541 1090 4618 p(ater)
1106 4552 1132 4600 st
1145 4543 1262 4619 solius)
1278 4544 1342 4620 d(c)
1357 4545 1440 4622 s(ua)
1452 4547 1606 4624 p(ccunt'a)

380 4641 582 4718 Diutur(nac).
624 4641 792 4703 Potuerunt
812 4643 890 4702 idem
912 4643 1023 4701 dudum
1045 4643 1151 4702 docere
1171 4662 1227 4702 nos
1248 4645 1408 4722 philologi,
1434 4665 1502 4705 cum
1524 4648 1606 4724 apud

381 4739 557 4802 Ciceronem
577 4743 609 4801 in
631 4740 810 4804 (lluentiaua
831 4743 955 4816 36,101
984 4743 1016 4801 18
1037 4741 1120 4801 libris
1143 4743 1281 4804 omnibus
1308 4746 1349 4803 sit
1368 4746 1410 4803 ad
1429 4746 1604 4807 Diuturnae.

381 4840 458 4899 Item
479 4843 510 4899 in
532 4842 617 4900 Flori
638 4843 714 4902 lihro
736 4844 876 4902 Palatino
901 4846 928 4915 1,
949 4842 987 4902 28
1011 4842 1053 4918 [2,
1076 4841 1306 4920 1818118818
1324 4845 1490 4905 Diuturnae
1513 4847 1606 4907 lacum

382 4949 474 4998 testor
495 4942 623 5013 derisu,
646 4962 712 5002 cum
733 4945 764 5002 in
786 4946 870 5003 varia
890 4945 1019 5004 lectione
1034 4942 1133 5001 lahnii
1154 4944 1212 5001 mei
1234 4963 1299 5004 eam
1320 4946 1498 5022 scripturam
1518 4956 1606 5024 typo·

382 5041 489 5117 graphi
516 5040 713 5102 obscurarint.
756 5044 799 5102 At
824 5046 873 5104 hic
894 5063 1014 5121 quoque
1036 5051 1069 5102 ut
1088 5043 1119 5100 18
1141 5043 1209 5102 aliis
1231 5045 1269 5103 ad
1291 5045 1502 5124 extirpandum
1522 5065 1606 5106 8118·
