3480 5804
320 485 392 558 236
909 496 1054 552 sonnsr

320 675 404 734 aedis
430 680 560 733 mutatus
588 674 627 731 sit
651 671 770 731 natalis.
813 678 844 731 et
867 671 926 730 iam
953 671 1106 730 veniamne
1131 670 1171 728 ad
1193 669 1333 744 exempla
1353 667 1494 745 ambigua
1514 700 1557 712 -
1580 685 1656 726 nam

319 784 402 836 certa
421 794 483 834 non
504 781 609 834 extant
629 772 800 831 mutationis
821 772 904 832 illius
919 803 959 815 -
981 790 1060 847 quac
1081 772 1241 830 admodum
1261 787 1358 847 pauca
1378 776 1457 828 sunt
1493 767 1535 827 ab
1556 766 1657 827 altera

319 885 405 953 parte
436 875 527 951 igitur
558 872 742 950 Capitolium
774 881 878 950 quater
909 873 1076 932 dedicatum
1112 891 1140 930 6.
1166 892 1195 931 u.
1225 869 1296 929 247.
1324 869 1384 928 685
1416 888 1446 946 p.
1470 866 1505 929 C.
1530 867 1583 927 70.
1611 866 1656 927 82

322 976 452 1035 natalem
474 993 561 1034 suum
581 976 633 1051 qui
653 975 710 1033 6661
731 972 813 1049 Sept.
832 974 868 1032 13
891 984 1024 1032 mutasse
1046 980 1206 1048 antequam
1226 969 1431 1048 hemerologia
1451 969 1660 1029 scriberentur

321 1076 426 1152 negari
447 1083 555 1150 potest,
577 1084 648 1151 post
661 1075 792 1152 Augusti
813 1082 939 1133 aetatem
960 1081 1094 1133 mutasse
1115 1080 1196 1132 certe
1215 1072 1300 1131 nullo
1322 1072 1499 1130 documento
1517 1069 1660 1148 probari.

322 1175 401 1235 idem
423 1176 503 1234 66161
523 1176 560 1234 de
581 1175 654 1234 aede
676 1173 813 1234 Castoris
834 1175 993 1250 quinquies
1015 1173 1153 1234 dedicata
1173 1191 1201 1232 a.
1220 1172 1290 1232 270.
1314 1170 1375 1231 637
1398 1170 1441 1247 (6.
1462 1170 1570 1248 supra)
1593 1168 1660 1230 759

324 1275 358 1350 (6
378 1276 511 1348 Tiberio,
535 1294 586 1335 suo
606 1277 770 1351 fratrisque
792 1279 902 1333 neruiue
922 1276 957 1334 dc
977 1276 1128 1346 1666116166,
1156 1281 1232 1334 testo
1253 1269 1337 1334 Suet.
1359 1272 1429 1332 Tib.
1452 1270 1502 1346 20,
1533 1270 1588 1330 sed
1610 1272 1661 1330 in·

324 1375 482 1451 scripsisse
513 1375 581 1437 edi
613 1376 657 1434 Ti.
684 1376 792 1434 lulium
826 1374 1020 1436 Claudianum
1050 1382 1153 1434 narrat
1181 1372 1245 1434 Dio
1271 1373 1322 1445 55,
1349 1371 1388 1432 27
1420 1373 1459 1432 66.
1483 1372 1661 1432 Mommsen

325 1473 361 1536 C.
384 1476 408 1534 1.
430 1475 466 1534 1..
489 1474 518 1549 2,
544 1475 647 1551 1660),
675 1475 784 1536 deinde
804 1494 824 1534 a
845 1473 970 1535 Claudio
992 1474 1067 1551 (Dio
1091 1476 1140 1548 60,
1163 1474 1197 1552 6)
1219 1484 1289 1534 616
1309 1473 1484 1533 Domitiano
1506 1472 1551 1547 (6.
1573 1478 1662 1533 eata·

324 1574 411 1652 lngus
439 1594 564 1654 operum
590 1577 678 1652 eius).
721 1576 890 1636 dedicatam
916 1577 994 1635 hanc
1021 1594 1090 1637 6666
1111 1594 1139 1634 6.
1161 1575 1223 1634 270
1249 1576 1299 1634 dic
1319 1574 1377 1634 Iul.
1401 1572 1440 1632 12
1460 1572 1569 1633 Livius
1593 1571 1662 1651 qni·

326 1677 393 1735 dem
416 1674 445 1749 2,
468 1677 508 1735 40
530 1685 633 1736 auctor
654 1685 709 1750 est,
736 1676 789 1736 sed
810 1677 895 1736 utin
916 1687 1020 1753 aperto
1033 1671 1082 1736 'sit
1101 1676 1285 1754 Regillensis
1309 1691 1427 1754 pugnae
1451 1673 1532 1733 diem
1553 1692 1662 1734 errore

324 1777 456 1835 natalem
483 1776 566 1836 aedis
593 1778 707 1838 6666666.
750 1778 851 1854 itaque
876 1796 964 1855 quem
990 1777 1119 1837 natalem
1143 1779 1174 1836 iu
1195 1776 1345 1836 Verriano
1365 1774 1543 1834 kalendario
1563 1773 1661 1834 haba·

327 1874 541 1950 6616616627,
563 1897 630 1937 eum
652 1879 692 1937 ad
706 1886 824 1955 tempus
838 1878 999 1938 finiendum
1020 1896 1080 1954 quo
1100 1876 1176 1936 illud
1197 1877 1340 1952 scriptum
1363 1876 1412 1948 sit,
1434 1876 1558 1934 omnino
1581 1874 1662 1935 nibil

327 1975 462 2034 conferre
493 1987 619 2052 apparet
649 1989 679 2037 et
709 1978 872 2038 notandum
908 1985 955 2038 661
988 1980 1065 2037 hanc
1100 1977 1204 2037 aedem
1234 1993 1341 2036 rursus
1372 1975 1485 2035 eisdem
1515 1973 1661 2053 vestigiis

327 2076 471 2135 refectam
493 2095 571 2136 esse.
613 2077 643 2135 id
665 2078 745 2154 quod
766 2088 853 2138 eruta
871 2078 1065 2138 fundamenta
1083 2097 1161 2138 nunc
1181 2077 1339 2137 manifesto
1360 2076 1534 2136 docuerunt.
1578 2076 1662 2137 idam

326 2193 387 2234 non
419 2176 520 2235 valere
551 2179 719 2253 putaverim
748 2178 787 2239 de
818 2180 892 2237 aede
920 2177 1106 2239 Concordiae
1133 2179 1305 2256 Augustae:
1339 2179 1424 2237 cuius
1456 2177 1661 2239 dedicationis

326 2276 495 2336 1116616
518 2296 544 2336 a
561 2278 620 2337 673
642 2278 740 2338 666166
762 2279 941 2339 mendosam
963 2297 1030 2337 cum
1051 2279 1084 2336 66
1103 2278 1300 2338 Praenestino
1321 2278 1528 2355 hemerologio
1548 2287 1663 2355 postes

326 2375 459 2436 additam
480 2394 548 2437 esse
568 2379 774 2439 Mommsenus
795 2386 921 2440 testetur
940 2378 978 2438 de
999 2379 1067 2439 visu
1086 2397 1116 2454 p.
1139 2378 1435 2452 1966666666
1456 2379 1495 2438 ab
1516 2379 1662 2456 Augusta

327 2486 463 2553 coeptam
491 2496 546 2537 666
573 2480 736 2556 perfectam
761 2481 883 2540 omnino
909 2497 1027 2552 novam,
1056 2479 1112 2537 hoc
1133 2488 1180 2539 661
1204 2480 1265 2538 6166
1286 2496 1347 2555 quo
1368 2488 1456 2539 antea
1475 2479 1572 2538 fuerit
1592 2480 1661 2540 loco

325 2576 436 2637 6661616
457 2595 534 2652 6666,
556 2580 594 2637 61)
617 2598 743 2656 eamque
762 2599 885 2640 causam
906 2597 1016 2639 novam
1037 2580 1167 2638 66161666
1189 2579 1341 2654 accepisse
1362 2585 1396 2638 ut
1412 2597 1526 2638 norum
1546 2596 1662 2640 nomen

328 2676 397 2754 (pro
419 2695 498 2737 6666
519 2689 567 2738 661
588 2681 667 2738 enim
687 2683 847 2757 Augustae
867 2697 1032 2758 cognomen
1053 2679 1214 2755 adiectum)
1242 2680 1393 2739 existimo.
1436 2680 1491 2739 sed
1516 2681 1663 2758 ambigua

328 2795 406 2853 quaa
437 2778 501 2838 dixi
528 2781 668 2857 exempla
695 2798 832 2856 quaeque
859 2781 903 2838 616
932 2799 1003 2839 rere
1027 2778 1087 2838 dici
1113 2781 1232 2856 possint
1257 2797 1319 2838 non
1345 2780 1416 2838 6666
1442 2790 1565 2856 praeter
1593 2800 1662 2843 eam

328 2876 442 2950 aedem,
469 2878 507 2937 ob
533 2897 623 2955 quam
645 2881 838 2939 haecomnia
864 2879 1025 2957 disputatio
1050 2886 1097 2939 est
1117 2880 1264 2953 instituta,
1292 2877 1422 2954 Quirini,
1450 2887 1480 2938 et
1500 2881 1663 2943 Minervae

328 2976 360 3034 in
381 2977 543 3037 Aventino.
586 2987 709 3056 putatur
735 2989 861 3064 unaque
886 2980 966 3039 binis
987 2980 1136 3039 natalibus
1158 2981 1212 3052 uti,
1237 2990 1364 3056 utraque
1390 2987 1487 3039 utrum
1509 2981 1541 3040 in
1564 3000 1664 3043 6666·

327 3094 395 3134 rum
423 3076 551 3150 aedium,
583 3079 681 3154 qualis
709 3079 878 3141 Concordia
898 3082 1039 3156 Augusta
1063 3080 1128 3151 6661,
1161 3098 1285 3140 numero
1311 3080 1450 3140 habenda
1478 3081 1527 3154 661,
1556 3100 1601 3142 an
1627 3083 1664 3145 in

328 3174 516 3249 refectorum,
546 3178 618 3237 licet
644 3179 681 3238 de
702 3180 768 3239 solo
789 3180 977 3253 relectorum,
1003 3179 1168 3239 dubitatur:
1201 3188 1329 3253 constat,
1356 3180 1383 3239 66
1410 3198 1508 3240 66666
1533 3180 1665 3258 fuerint,

328 3276 424 3336 666166
450 3295 518 3337 6666
542 3279 574 3338 in
599 3280 840 3341 6666666661666
865 3280 1008 3353 locorum,
1035 3280 1144 3357 quibus
1169 3280 1332 3340 eorundem
1363 3280 1518 3340 numinum
1543 3283 1668 3362 templa

328 3376 401 3437 olim
428 3378 591 3440 extiterint.
634 3381 749 3441 dixeris
775 3400 838 3440 rem
866 3381 997 3440 decisam
1024 3397 1091 3441 6666
1117 3398 1153 3439 66
1179 3381 1261 3457 quod
1285 3381 1351 3458 ipse
1371 3383 1530 3460 Augustus
1558 3384 1594 3444 in
1615 3385 1666 3445 in·

327 3477 438 3538 dicer.
459 3499 488 3560 g.
511 3483 541 3554 4,
562 3481 581 3540 5
604 3499 645 3541 66.
667 3488 796 3541 16616166
818 3482 964 3543 sithaec:
987 3482 1122 3542 66116616
1146 3481 1287 3558 Capitolio
1309 3482 1508 3557 1666666661νί
1528 3491 1558 3542 61
1578 3485 1668 3547 Ionis
1698 3522 1713 3537 .

329 3584 465 3652 16666116,
496 3583 619 3642 aedera
653 3581 817 3654 Quirini,
850 3585 934 3643 aedes
966 3582 1149 3642 Minervae
1181 3591 1207 3641 61
1233 3582 1353 3642 Iunonis
1379 3587 1551 3659 raptasset
1579 3584 1669 3648 lonis

329 3680 468 3741 libertatis
489 3687 518 3741 ia
541 3680 692 3756 Aventius,
718 3684 814 3742 aedan
835 3682 948 3741 Larum
968 3687 999 3741 iu
1020 3701 1129 3742 summa
1149 3700 1237 3742 sacra
1256 3685 1315 3754 cia,
1341 3684 1439 3743 aedom
1458 3684 1543 3743 (16166
1563 3684 1668 3747 Pana·

329 3783 398 3839 tium
425 3785 456 3838 iu
480 3782 577 3853 Velia,
608 3784 706 3856 aedom
732 3783 901 3854 Iuventatis,
934 3784 1031 3841 aedem
1058 3783 1165 3841 Matris
1192 3801 1314 3858 6169666
1332 3785 1395 3858 saci
1412 3824 1421 3842 .
1440 3822 1449 3842 .
1469 3823 1478 3842 .
1498 3782 1670 3859 (secuntur

328 3881 457 3958 profana
470 3880 620 3956 aedificic)
643 3882 742 3954 4,17:
765 3884 822 3941 duo
844 3893 869 3941 et
890 3886 1030 3958 octoqinta
1051 3882 1158 3957 templa
1177 3883 1260 3940 616616
1280 3886 1311 3941 iu
1330 3883 1399 3942 uris
1419 3884 1518 3944 666661
1537 3885 1669 3964 adsim

330 3998 364 4038 aa
384 3979 505 4054 61666616]
534 3992 648 4040 senatus
675 3983 761 4057 rejeci
785 3983 865 4040 rullo
889 3985 1092 4058 praetermisso
1119 3985 1198 4059 quod
1223 3982 1280 4059 [66]
1306 3983 1441 4060 temp[orc
1465 3986 1545 4062 refici
1572 4006 1668 4066 opor·

331 4078 424 4155 teret]‚
446 4096 514 4139 esse
534 4080 625 4158 igitur
644 4082 722 4141 inter
742 4099 837 4142 66666
857 4079 976 4156 Quirini
997 4091 1027 4140 61
1047 4082 1200 4143 Minervae
1222 4082 1322 4156 aedes,
1343 4101 1470 4160 quorum
1490 4085 1546 4145 6116
1567 4088 1669 4151 etiam

330 4176 362 4234 in
387 4181 486 4251 66666
511 4182 594 4241 66616
618 4201 638 4241 6
662 4183 763 4242 Dione
795 4184 971 4259 appelletur,
1003 4201 1065 4259 qua
1095 4183 1225 4243 formula
1254 4183 1420 4245 Merkelius
1451 4186 1671 4252 observaverit

329 4277 425 4340 666166
460 4299 479 4339 6
512 4284 633 4344 66666166
666 4291 839 4343 constanter
873 4283 1027 4362 distingui.
1084 4283 1277 4342 nihilominus
1311 4302 1420 4362 graves
1456 4285 1671 4353 dubitationes

330 4382 467 4441 oriuntur
487 4402 526 4442 an
540 4384 668 4444 faciendi
687 4385 741 4443 ille
761 4384 907 4443 vocabulo
927 4383 971 4442 ita
992 4399 1066 4442 usus
1088 4383 1136 4453 eit,
1158 4391 1191 4442 ut
1211 4385 1382 4444 necessario
1404 4385 1602 4463 cogitandum
1625 4392 1672 4453 sit
1727 4364 1730 4369 ’

332 4482 369 4540 (16
397 4483 521 4542 aedibus
547 4502 610 4543 666
635 4484 747 4544 eisdem
772 4485 881 4560 quibus
906 4491 1044 4543 66166166
1069 4483 1205 4560 vestigiis
1230 4484 1389 4561 impositis.
1431 4505 1501 4546 nam
1522 4486 1552 4548 si
1572 4488 1609 4550 id
1632 4510 1671 4553 re

333 4600 404 4640 vera
423 4581 502 4655 66661,
529 4584 699 4644 necessario
721 4602 757 4645 eo
780 4583 946 4642 delabimur
967 4591 1001 4644 ut
1020 4591 1139 4661 praeter
1158 4584 1239 4644 Iovis
1260 4587 1392 4646 tonantis
1417 4587 1521 4647 aedem
1543 4594 1671 4653 6616666

332 4699 436 4742 omnes
457 4686 602 4760 gemellas
624 4677 773 4753 ὁμωνύμων
787 4683 966 4759 templorum
987 4702 1055 4744 6666
1076 4691 1256 4758 statuamus,
1277 4705 1355 4763 quas
1374 4688 1407 4746 in
1427 4686 1539 4747 eisdem
1560 4691 1673 4769 regio·
1725 4720 1730 4763 ,ς

332 4783 422 4841 nibus
457 4793 511 4844 aut
545 4786 612 4846 sine
645 4777 774 4864 vestigio
809 4785 978 4844 interierint
1008 4794 1060 4843 aut
1090 4784 1176 4844 iuxta
1207 4802 1302 4845 66666
1333 4787 1463 4846 refectae
1493 4790 1675 4855 manserint
1727 4772 1730 4817 ¹

333 4882 505 4961 lateantque
529 4887 607 4945 inter
632 4887 760 4946 reiectas
784 4884 957 4958 LXXXII,
986 4902 1114 4960 quorum
1141 4885 1319 4946 laterculum
1347 4887 1461 4945 utinam
1488 4887 1676 4957 adscribere
1712 4888 1715 4895 '

335 4981 474 5056 dignatus
495 4987 588 5045 essctl
620 5005 690 5045 nam
712 4987 739 5045 66
759 4985 865 5046 Livius
887 4986 1023 5046 oculatus
1045 4986 1131 5046 testis
1152 4988 1182 5058 4,
1204 4987 1244 5047 20
1264 4988 1346 5047 Iovis
1366 4987 1480 5047 ferculi
1500 4987 1612 5050 aedem
1635 4992 1664 5055 66

336 5077 487 5176 Capitolio
507 5096 641 5148 6616161616
662 5085 1339 5166 (161666616666661616661661(66166729)
1360 5092 1501 5167 66666666,
1522 5095 1555 5150 61
1573 5096 1640 5157 teet
