3480 5804
550 472 716 522 xvunrua
736 472 977 523 cousvnsnm.
1356 455 1424 524 195

100 643 157 701 107
185 661 224 699 an
254 641 311 701 108
340 642 488 701 tribuendi
516 653 618 701 essent
639 643 843 702 Mommsenus
870 643 1067 702 dubitaverat.
1112 645 1174 702 lam
1196 645 1362 703 videbimus
1390 645 1425 702 de

96 743 145 816 iis,
167 761 243 819 quae
265 743 303 800 ad
324 743 530 803 consulatuum
552 745 669 821 tempus
691 743 889 804 deliniendum
911 745 1068 822 pertinent.

182 842 366 903 Consulatus
387 846 418 903 in
440 845 528 904 binos
551 864 669 905 menses
691 867 710 905 a
724 846 855 904 Traiano
877 845 964 905 datos
986 864 1053 906 esse
1074 856 1105 905 et
1125 847 1163 906 ab
1187 866 1223 905 ea
1243 847 1310 906 inde
1329 856 1426 908 aetate

99 946 275 1004 consulatus
299 946 455 1005 bimestres
477 947 595 1006 initium
616 947 733 1023 cepisse
748 947 967 1007 Brdmbscbius
989 949 1103 1006 statuit.
1142 948 1179 1006 Et
1201 949 1238 1007 de
1260 967 1339 1008 anno
1362 950 1428 1026 qui·

99 1047 167 1104 dem
192 1046 250 1104 100
276 1054 356 1105 recte
383 1049 501 1106 videtur
527 1049 691 1122 iudicasse,
721 1066 788 1107 cum
816 1049 953 1107 eonsules
983 1050 1036 1124 qui
1063 1068 1100 1108 eo
1127 1068 1205 1108 anno
1234 1050 1332 1110 fasces
1361 1069 1428 1130 ges·

99 1147 177 1206 sisse
204 1146 343 1206 videntur
369 1168 476 1207 norem
505 1149 564 1207 alio
591 1150 680 1208 modo
707 1169 762 1225 per
789 1150 922 1208 nundina
948 1152 1000 1208 vix
1027 1151 1146 1227 possint
1172 1152 1322 1212 distributi
1351 1171 1427 1212 esse.

101 1247 181 1307 Nam
203 1249 269 1326 ipse
290 1249 453 1324 imperator
474 1269 528 1327 per
548 1251 683 1309 nundina
704 1252 763 1310 duo
784 1252 882 1310 fasces
905 1252 1038 1322 retinuit,
1060 1252 1208 1310 adiunctis
1232 1253 1287 1311 sibi
1304 1254 1429 1331 collegis

100 1349 131 1407 iu
156 1349 284 1408 alterum
307 1348 379 1410 Sex.
401 1351 479 1409 Iulio
502 1351 648 1410 Frontino
662 1352 727 1424 ΙΙΙ,
756 1353 787 1410 iu
809 1353 948 1425 alterum,
977 1361 1010 1410 ut
1031 1353 1156 1426 ridetur,
1179 1353 1329 1414 Vestricio
1352 1354 1429 1432 Spu·

100 1450 188 1508 rinna
202 1450 252 1508 ΙΙΙ
275 1451 326 1526 (ci.
348 1452 517 1512 Mommsen
537 1454 567 1510 in
585 1453 715 1511 Hermae
737 1454 796 1511 vol.
814 1455 831 1512 3
854 1473 883 1529 p.
899 1454 949 1525 40,
966 1452 1009 1529 2).
1045 1455 1149 1527 Mense
1171 1465 1271 1514 autem
1293 1453 1428 1532 Septem·

101 1551 147 1610 bri
170 1549 205 1610 O.
227 1551 360 1610 Plinium
383 1550 552 1612 Secundum
575 1565 605 1612 et
627 1553 661 1613 O.
684 1553 793 1612 lulium
813 1552 979 1613 Comatam
993 1553 1162 1615 Tertullum
1184 1558 1325 1616 consules
1346 1577 1430 1634 repe·

100 1652 194 1712 fimus
216 1652 316 1728 (Plin.
339 1671 446 1730 paneg.
467 1652 521 1724 923
544 1654 581 1712 cf.
604 1653 772 1713 Brambsch
794 1675 824 1730 p.
843 1656 880 1712 14
903 1664 932 1714 01
952 1656 1119 1714 Mommsen
1141 1657 1161 1714 l.
1176 1676 1202 1715 c.
1224 1678 1253 1734 p.
1271 1659 1337 1734 91),
1358 1659 1429 1716 item

100 1753 136 1811 L.
160 1752 302 1812 Roscium
323 1755 482 1813 Aelianum
509 1762 540 1812 et
560 1755 607 1813 Ti.
632 1753 791 1814 Claudium
816 1754 1007 1816 Sacerdotem
1029 1776 1056 1816 s.
1079 1758 1106 1815 d.
1130 1758 1194 1816 1111
1216 1759 1360 1818 kalendas
1383 1760 1430 1817 la·

101 1854 222 1912 nusrias
245 1854 314 1929 (Or.
332 1855 415 1931 782).
452 1856 488 1913 In
510 1856 644 1914 nundina
664 1856 755 1932 igitur
777 1858 921 1916 triacum
944 1857 1083 1917 distribui
1104 1869 1254 1934 nequeant
1274 1861 1338 1918 eius
1361 1863 1431 1919 anni

103 1955 251 2027 eonsules,
274 1957 300 2014 si
322 1967 402 2014 recte
424 1957 552 2015 Acutius
567 1955 671 2015 Nerva
691 1958 769 2016 inter
790 1976 843 2016 eos
865 1968 1048 2030 recensetur,
1070 1978 1108 2018 ne
1129 1961 1160 2018 in
1182 1970 1344 2035 quaternos
1365 1962 1431 2037 qui-

102 2055 168 2113 dem
203 2075 322 2116 menses
351 2057 499 2136 designati
529 2077 596 2117 esse
624 2069 766 2135 possunt;
801 2059 902 2136 itaque
929 2059 1087 2118 ann0100
1113 2061 1249 2120 nundina
1277 2062 1432 2121 bimestris

102 2156 195 2214 luisse
220 2158 376 2233 probabile
402 2169 456 2217 est.
500 2161 544 2217 At
569 2169 679 2218 temere
706 2160 775 2218 inde
798 2160 1015 2219 Brambschius
1037 2162 1160 2237 collegit
1179 2162 1338 2222 bimestres
1360 2181 1431 2222 con·

102 2255 218 2316 sulatus
245 2277 263 2316 a
285 2259 418 2318 Traiano
445 2262 583 2337 coepisse
609 2267 639 2319 et
660 2260 697 2318 ab
719 2279 754 2319 eo
776 2260 846 2318 inde
867 2271 1001 2338 tempore
1023 2262 1182 2332 mansisse,
1211 2282 1278 2321 cum
1299 2263 1432 2321 nundina

102 2358 257 2417 bimestris
284 2360 373 2419 etiam
395 2362 560 2433 anteriore,
588 2369 618 2420 et
646 2361 878 2437 quadrimestria
904 2370 934 2420 et
961 2363 1125 2420 trimestria
1151 2364 1240 2422 etism
1266 2364 1431 2440 posteriore
1492 2382 1498 2396 ·

102 2468 235 2537 tempore
256 2461 286 2519 in
309 2463 509 2522 monumentis
530 2463 805 2521 commemorentur.

184 2561 225 2619 Et
246 2563 419 2622 consulatus
441 2563 560 2640 quidem
582 2563 816 2639 quadrimestres
831 2563 878 2621 rel
900 2564 958 2621 sub
973 2562 1105 2622 Traiano
1127 2564 1221 2622 luisse
1243 2575 1432 2624 monumenta

102 2662 236 2721 iudicant
257 2664 327 2722 anni
344 2664 413 2735 107,
441 2682 501 2740 quo
523 2663 560 2721 L.
583 2664 717 2723 Licinius
740 2662 895 2736 SuraIII,
923 2662 961 2737 Q.
985 2663 1093 2725 Sosius
1116 2663 1241 2725 Senecio
1259 2666 1292 2722 11
1314 2666 1432 2724 ordina·
1471 2720 1476 2724 .

104 2763 165 2822 rios
186 2764 283 2823 fasces
305 2775 472 2841 gesserunt,
494 2765 634 2847 Minicius
655 2775 756 2825 sutem
779 2765 942 2824 Fundanus
965 2773 995 2823 et
1009 2765 1188 2825 Vettennius
1210 2765 1341 2826 Severus
1363 2785 1432 2826 con·

104 2864 186 2923 sules
209 2875 479 2925 commemorantur
501 2867 597 2944 pridie
618 2867 765 2927 kalendas
787 2867 879 2925 Iulias
901 2866 976 2941 (tab.
992 2866 1062 2926 hon.
1082 2867 1166 2925 miss.
1181 2867 1432 2945 weissenburg),

104 2966 242 3026 kalendis
264 2970 413 3045 Augustis
437 2969 505 3044 (VI,
522 2968 583 3027 630
599 2994 636 3019 =
655 2967 707 3027 Or.
728 2968 832 3044 1588),
855 2968 950 3044 pridie
972 2968 1039 3028 idus
1054 2969 1210 3045 Augustas
1234 2969 1355 3043 (Marini
1374 2969 1431 3028 139

106 3092 142 3116 --
160 3067 214 3127 Or.
230 3067 335 3146 2471).
378 3068 543 3128 Fundanus
566 3070 658 3147 igitur
679 3080 709 3128 et
731 3067 861 3130 Severus
884 3069 1037 3128 mensibus
1059 3070 1162 3142 Iunio,
1183 3070 1271 3140 Iulio,
1294 3072 1432 3147 Augusto

104 3185 172 3226 cum
197 3170 385 3229 consulatum
414 3172 575 3246 gesserint,
603 3171 654 3247 qui
682 3189 799 3231 menses
826 3170 967 3229 nundinis
993 3190 1091 3248 neque
1117 3172 1312 3230 semestribus
1337 3190 1433 3247 neque

104 3269 303 3328 trimestribus
330 3272 525 3343 conveniunt,
552 3278 656 3347 utpote
680 3290 757 3348 quse
779 3272 867 3348 finem
890 3271 1014 3329 nundini
1036 3272 1190 3347 requirant
1210 3273 1287 3348 prid.
1310 3274 1339 3330 k.
1362 3273 1432 3343 Iul.,

105 3371 338 3446 quadrimestres
361 3372 429 3431 anni
451 3372 533 3430 illius
554 3372 731 3430 consulatus
753 3371 846 3430 fuisse
868 3371 1026 3429 manifesto
1048 3379 1182 3448 apparet.
1222 3374 1311 3429 Anno
1333 3383 1432 3430 sutem

107 3471 162 3528 101
188 3472 347 3531 trimestria
367 3473 500 3530 nundina
520 3472 651 3530 fuerunt.
687 3470 836 3530 Consules
857 3471 936 3529 enim
958 3471 1100 3529 ordinarii
1121 3490 1189 3529 oum
1211 3480 1313 3530 essent
1327 3472 1433 3531 Traia-

103 3591 162 3632 nus
182 3573 248 3631 IllI
274 3582 303 3632 et
325 3571 362 3646 Q.
387 3574 570 3631 Articuleius
593 3573 720 3644 Paetus,
746 3572 829 3630 illius
856 3573 887 3629 in
912 3571 1010 3629 locum
1033 3590 1104 3630 mox
1126 3571 1268 3631 suffectus
1291 3584 1338 3630 est
1360 3573 1432 3633 Sex.

105 3674 208 3733 Attius
230 3671 418 3747 Suburanus,
448 3677 500 3751 qui
522 3673 690 3733 antediem
713 3672 788 3732 VIII
808 3671 954 3731 kalendas
975 3672 1095 3747 Apriles
1117 3691 1177 3730 uns
1198 3691 1265 3732 cum
1286 3673 1381 3733 Paeto
1402 3675 1433 3732 in
1538 3710 1541 3714 Α

106 3775 180 3834 sctis
209 3777 367 3835 Arvalium
396 3785 653 3835 commemoratur.
703 3772 810 3851 Neque
839 3784 938 3834 tamen
967 3774 997 3832 hi
1026 3775 1105 3833 ultra
1132 3792 1265 3833 mensem
1293 3775 1432 3835 Martium

105 3877 218 3935 honore
238 3877 330 3936 iuncti
352 3887 436 3950 sunt,
466 3897 533 3937 cum
560 3885 629 3936 aute
656 3877 735 3935 diem
757 3875 802 3934 VI
828 3875 974 3934 kalendas
996 3875 1093 3934 Maias
1115 3873 1152 3949 Q.
1177 3874 1325 3937 Servaeus
1346 3878 1434 3936 Iuve-

105 3977 183 4035 nalis
204 3984 233 4034 et
254 3979 295 4036 M.
310 3980 443 4038 Maecius
459 3976 549 4039 Celer
569 3979 707 4038 consules
729 3977 886 4036 laudentur
905 3978 1053 4037 mensium
1074 3977 1188 4036 scilicet
1209 3977 1333 4052 Aprilis,
1351 3978 1432 4048 Maii,

105 4077 195 4135 Iunii.
243 4076 361 4150 Quibus
388 4080 493 4156 quiin
513 4098 631 4140 mensos
653 4079 775 4149 Iulium,
797 4080 976 4156 Augustum,
999 4076 1203 4155 Septembrem
1225 4079 1433 4148 successerint,

106 4177 292 4254 ignoramus:
320 4197 373 4255 per
399 4198 516 4239 menses
542 4190 642 4239 autem
665 4178 841 4248 Octobrem,
863 4177 1078 4249 Novembrem,
1100 4178 1295 4237 Decembrem
1319 4178 1354 4236 L.
1377 4181 1434 4238 Ar-

106 4278 223 4336 runtius
246 4276 343 4341 Stella
368 4287 397 4338 et
418 4279 454 4338 L.
477 4280 574 4339 lulius
597 4280 730 4338 Marinus
752 4277 902 4337 Caecilius
926 4277 1062 4355 Simplex
1083 4278 1221 4337 consules
1243 4280 1378 4349 suerunt,
1407 4280 1434 4337 si

106 4378 225 4453 quidem
251 4390 330 4439 recte
357 4380 427 4439 huic
454 4399 533 4440 anuo
559 4380 699 4439 tribuitur
719 4380 821 4440 tabula
842 4385 1019 4457 patronatus
1042 4397 1061 4436 a
1080 4379 1323 4438 Ferentinatibus
1344 4379 1434 4438 Pom·

107 4480 196 4556 ponio
219 4480 317 4540 Basso
338 4481 440 4541 oblata
462 4480 530 4557 (Or.
547 4482 623 4553 7843
650 4481 686 4540 ci.
713 4482 881 4540 Mommsen
903 4480 933 4538 in
955 4479 1088 4539 Hermae
1109 4481 1202 4539 vol.3
1225 4500 1254 4557 p.
1273 4478 1330 4539 193
1345 4480 1433 4557 seq).

107 4578 290 4640 Consularis
309 4583 401 4658 igitur
422 4583 555 4641 nundina
568 4581 701 4641 Traiano
723 4583 888 4658 imperante
909 4581 1100 4640 inveniuntur
1120 4590 1150 4639 et
1170 4581 1324 4640 bimestris
1339 4592 1369 4640 et
1383 4582 1434 4640 tri-

107 4683 231 4742 mestris
255 4693 285 4742 et
310 4683 553 4761 quadrimestris,
582 4694 612 4743 et
638 4703 674 4742 ne
700 4684 758 4742 hoc
782 4683 900 4759 quidem
924 4682 1041 4741 deliniri
1063 4691 1176 4758 potest,
1205 4701 1352 4759 quaenam
1375 4682 1434 4741 sol-

106 4784 215 4843 lemnis
236 4785 356 4856 inerint,
382 4804 449 4844 cum
471 4784 507 4843 de
529 4784 603 4845 solis
625 4785 714 4844 trium
736 4803 841 4844 eorum
862 4802 1018 4856 annorum,
1041 4784 1155 4843 scilicet
1178 4783 1247 4842 100.
1272 4783 1339 4841 101.
1366 4783 1434 4855 107,

107 4885 247 4945 nundinis
268 4887 342 4945 satis
364 4886 485 4962 liqueat.

189 4987 271 5046 Idem
292 4987 354 5045 fere
376 4987 565 5047 statuendum
583 4989 620 5046 de
635 4989 760 5065 imperio
775 4986 931 5046 Hadriani.
970 4984 1030 5060 Qui
1046 5005 1113 5046 cum
1129 5005 1208 5046 anno
1223 4986 1281 5046 118
1296 5003 1361 5045 cunr
1379 4983 1433 5045 On.

108 5086 241 5146 Pedanio
264 5088 363 5148 Fusco
386 5085 555 5149 Salinatore
579 5089 677 5149 fasces
698 5088 866 5148 ordinarios
889 5089 1084 5165 suscepisset,
1112 5088 1199 5147 etiam
1222 5086 1318 5165 pridie
1338 5103 1434 5145 nonas
