3480 5804
446 709 570 822 PER
606 704 945 823 AVCTOREM
981 705 1290 822 Tironem

287 1161 353 1222 ‘Per
379 1156 514 1220 tutorem’
542 1167 572 1219 et
590 1157 696 1220 ‘tutore
721 1157 851 1220 suctors’
879 1160 972 1220 verba
997 1160 1132 1238 plerique
1157 1159 1333 1237 peritiorum
1358 1160 1409 1220 ita
1435 1157 1545 1219 distin·

204 1272 313 1343 gunnt,
339 1269 372 1321 ιιι
397 1261 471 1321 illud
497 1261 612 1321 dicatur
632 1263 684 1321 nbi
705 1261 789 1321 solus
811 1271 892 1320 tutor
912 1280 975 1320 rem
995 1271 1136 1339 peragat,
1161 1262 1220 1321 hoc
1239 1261 1290 1320 nbi
1310 1261 1379 1338 ipse
1401 1259 1544 1339 pupillus

205 1384 267 1425 rem
289 1373 382 1443 gerat,
404 1373 484 1423 tutor
505 1372 604 1422 sutem
626 1362 754 1423 consilio
776 1371 807 1420 et
827 1362 1006 1422 auctoritate
1026 1363 1179 1440 negotium
1201 1361 1365 1421 confirmet.

288 1468 331 1525 At
352 1482 423 1524 vero
449 1469 598 1542 repugnat
626 1470 729 1523 notum
755 1463 933 1541 rescriptum
954 1462 1042 1522 Decii
1069 1462 1259 1538 imperatoris
1280 1463 1318 1521 de
1338 1462 1543 1539 possessione

204 1567 310 1629 infanti
332 1564 502 1643 quaerenda
524 1563 594 1623 Iud
615 1562 651 1624 C.
675 1565 711 1623 de
732 1581 816 1642 poss.
840 1563 869 1636 7,
886 1563 938 1623 32:
965 1559 1160 1622 ‘Donatarum
1187 1582 1288 1623 rerum
1314 1580 1335 1621 a
1353 1580 1541 1640 quacunque

204 1685 333 1745 persons
353 1666 460 1725 insonti
481 1684 578 1725 vacua
592 1665 746 1741 possessio
761 1663 871 1723 tredita
885 1681 1010 1740 corpore
1026 1663 1188 1741 quaeritur.
1224 1663 1363 1740 quamuis
1377 1663 1464 1723 enim
1477 1664 1542 1722 sint

204 1775 358 1826 auctorum
387 1766 550 1824 sententiae
578 1765 807 1837 dissentientes,
836 1776 935 1824 tamen
956 1764 1123 1824 consultius
1144 1764 1272 1837 ridetur,
1297 1764 1440 1837 interim,
1466 1764 1542 1823 licat

204 1867 296 1925 enimi
323 1864 429 1942 plenus
451 1882 511 1923 non
532 1865 640 1925 fuisset
660 1867 801 1940 effectus,
823 1865 1046 1944 possessionem
1068 1884 1122 1942 per
1142 1864 1332 1924 traditionem
1351 1880 1426 1924 csse
1446 1883 1541 1941 quae·

205 1966 305 2024 situm:
332 1964 480 2041 alioquin,
502 1965 589 2024 sicuti
610 1967 827 2027 consultissimi
847 1967 904 2026 viri
925 1966 1086 2044 Papiniani
1106 1983 1256 2044 responso
1274 1965 1458 2037 continetur,
1483 1983 1540 2027 nec

204 2065 323 2143 quidem
344 2082 398 2141 per
419 2072 548 2125 tutorem
567 2066 674 2125 infanti
687 2069 799 2143 poterit
812 2062 948 2145 edquiri.'
983 2084 1080 2143 neque
1094 2067 1173 2125 enim
1187 2075 1221 2126 ut
1234 2065 1315 2126 scius
1329 2073 1416 2126 tutor
1428 2065 1539 2127 infanti

205 2165 429 2246 possessionem
450 2173 576 2243 qureret
596 2184 653 2227 suo
675 2177 754 2241 actu,
776 2168 830 2227 scd
851 2176 968 2228 tantum
990 2175 1023 2225 ιιι
1043 2167 1206 2227 auctoritas
1222 2174 1302 2227 recte
1314 2167 1539 2244 interponatur,

203 2284 327 2328 necesse
353 2273 400 2326 est
424 2267 520 2345 ipsius
543 2267 666 2328 infantis
686 2264 838 2345 ‘corpore',
864 2269 895 2327 id
921 2276 968 2328 est
995 2267 1249 2345 apprehensione,
1274 2277 1305 2328 et
1329 2267 1434 2329 animo
1457 2266 1540 2329 ‘licet

203 2371 302 2429 minus
317 2364 425 2445 pleno’‚
447 2386 507 2427 non
522 2367 619 2429 solam
634 2368 847 2441 detentionem,
862 2368 915 2428 sed
929 2369 1025 2445 ipsam
1038 2363 1275 2446 ‘possessionem'
1294 2364 1431 2428 'interim’
1445 2381 1540 2443 certe,

203 2470 235 2531 id
261 2480 309 2530 est
334 2469 428 2530 donec
456 2477 536 2528 tutor
563 2470 771 2529 anctoritatem
800 2479 853 2529 ant
877 2469 1080 2529 accommodet
1100 2476 1152 2529 aut
1173 2469 1314 2546 deneget,
1342 2469 1454 2529 infanti
1473 2471 1538 2531 iam

203 2589 273 2633 esse
293 2571 470 2649 quaesitam.
508 2577 538 2628 et
557 2571 601 2629 ite
614 2572 738 2649 primus,
760 2570 840 2647 qnod
856 2571 960 2641 sciam,
981 2569 1156 2629 Alexander
1169 2567 1385 2630 Constantinus
1401 2568 1541 2633 Sendres

204 2673 356 2733 Romanus
386 2671 418 2730 in
446 2670 655 2731 dissertatione
681 2672 718 2732 de
744 2672 938 2747 possessione
966 2688 1021 2747 per
1045 2671 1136 2729 alium
1164 2669 1350 2747 adquirenda
1380 2669 1540 2746 (Beroiini

207 2772 300 2848 1865)
323 2789 391 2849 pag.
408 2772 445 2830 37
469 2790 532 2831 rcm
554 2772 717 2850 expedivit

289 2871 350 2933 Sed
373 2879 439 2930 utut
460 2872 535 2930 haec
555 2872 667 2932 rectius
689 2890 778 2949 quam
800 2882 890 2932 antea
909 2872 1062 2933 intellecto
1077 2890 1113 2931 ac
1128 2871 1280 2949 disputata
1292 2872 1413 2947 inerint,
1435 2883 1540 2938 tamen

204 2971 349 3033 eiusmodi
371 2971 532 3031 locutionis
553 2973 651 3032 adhuc
671 2973 792 3032 defuere
814 2973 993 3033 testimonia
1030 2983 1126 3049 neque
1141 2973 1221 3031 enim
1235 2974 1339 3051 negari
1353 2976 1456 3051 potuit
1474 2973 1540 3055 ‘per

204 3067 339 3133 tutorem’
362 3082 433 3130 tunc
454 3071 572 3129 demum
595 3072 660 3130 fleri
682 3071 777 3130 videri
799 3072 848 3131 ubi
871 3074 953 3134 solus
974 3083 1057 3132 tutor
1072 3082 1152 3151 egat,
1173 3090 1233 3132 non
1247 3073 1297 3133 ubi
1310 3074 1421 3150 pupilli
1435 3080 1541 3157 egenti

205 3173 412 3234 auctoritatem
432 3171 590 3230 dumtaxat
611 3173 827 3231 accommodet:
853 3171 891 3233 L.
910 3175 923 3231 l
942 3174 960 3231 3
981 3172 1021 3233 20
1040 3172 1081 3232 D.
1104 3172 1141 3232 dc
1164 3190 1248 3250 poss.
1270 3172 1335 3251 (41,
1349 3173 1384 3250 2)
1404 3173 1478 3237 Μ
1501 3176 1538 3239 0.

204 3273 324 3353 qnando
346 3272 486 3333 exsecto
508 3273 615 3333 tutoris
638 3272 682 3349 (5,
697 3272 761 3350 39).

287 3373 402 3436 Gratus
428 3373 520 3452 igitur
546 3374 719 3450 supervenit
739 3373 899 3453 Bingensis
925 3374 1029 3435 titulus
1055 3374 1232 3451 sepulcralis
1258 3375 1357 3435 editus
1383 3393 1482 3453 nuper
1503 3378 1539 3439 in

203 3475 392 3556 ephemeride
414 3472 889 3553 archacologicasserolincnai1)
911 3475 1075 3535 indubitate
1096 3475 1139 3534 ita
1159 3475 1316 3551 legendus:
1344 3471 1387 3536 ¹0.
1403 3475 1537 3539 Vescins

204 3577 239 3639 0.
260 3575 412 3653 lib(crtns)
433 3575 437 3653 Ι
456 3575 577 3636 Primus
598 3576 705 3635 lonius·
719 3575 796 3651 h(ic)
819 3575 926 3652 s(itus)
948 3572 1059 3655 e(st).l
1085 3574 1120 3635 C.
1135 3574 1264 3635 Vescius
1286 3573 1322 3636 C.
1343 3575 1458 3655 essius)
1480 3576 1537 3641 Se-

203 3696 293 3738 verus
317 3678 322 3752 Ι
346 3685 377 3735 et
401 3676 566 3755 Peregrina
593 3673 627 3734 C.
652 3669 658 3754 Ι
680 3674 771 3734 Vesci
799 3676 862 3735 filia
888 3674 1031 3756 ieceruint
1056 3695 1111 3753 per
1136 3682 1288 3736 auctorem
1313 3677 1472 3753 {tutorem
1497 3677 1537 3740 0.

203 3776 313 3837 Vescic
331 3775 336 3851 Ι
356 3772 391 3835 C.
406 3774 545 3850 lib(crt0)
560 3769 680 3833 vauro?
713 3793 781 3834 nam
802 3775 845 3834 ibi
864 3772 926 3853 ‘per
947 3772 1083 3836 tatorem’
1103 3794 1159 3852 pro
1179 3773 1286 3837 ‘tutore
1306 3773 1436 3837 suctore’
1459 3779 1538 3840 dici·

202 3888 253 3937 tur
273 3876 361 3953 idque
383 3881 510 3950 spparet
530 3892 590 3933 non
612 3874 708 3934 solum
729 3894 769 3935 ex
790 3876 989 3954 appositione,
1010 3896 1113 3936 rernm
1134 3877 1224 3937 etium
1245 3896 1284 3937 ex
1305 3877 1457 3938 ablativis.

207 4032 408 4045 ff

282 4111 305 4174 ¹)
334 4113 369 4163 A.
385 4110 455 4163 1869
476 4111 526 4162 rol.
540 4112 574 4162 tt
594 4128 620 4178 p.
634 4114 669 4164 70
694 4113 737 4163 ubi
756 4113 932 4166 Mommsenus
955 4116 1108 4182 slgnidcsvit
1125 4116 1176 4167 sibi
1195 4130 1253 4168 eam
1271 4116 1427 4168 locutionem
1448 4124 1537 4170 ortam

205 4205 285 4257 videri
304 4219 336 4256 ex
356 4204 465 4257 dusrum
484 4203 653 4255 formularum
672 4205 792 4269 imperita
810 4205 968 4257 confusione.

1326 4330 1491 4391 Rvnours.

639 5039 740 5091 Formis
759 5040 923 5092 Academicis
942 5038 986 5102 (G.
999 5040 1096 5105 cht).
