3480 5804
636 1520 1088 1636 MlSOIlLLANllA.

758 1820 959 1832 u—-uq

848 2014 874 2070 1.

280 2127 391 2206 Magna
418 2126 500 2186 basis
528 2127 656 2187 rotunda
682 2148 850 2188 marmorea
876 2147 989 2207 paucos
1017 2129 1127 2190 abhinc
1153 2147 1248 2190 annos
1273 2131 1385 2192 effossa
1404 2133 1434 2192 in
1456 2153 1527 2195 area

196 2249 274 2306 quae
301 2245 381 2288 nunc
407 2228 516 2287 dicitnr
542 2229 683 2288 Palatina
707 2231 786 2289 inter
811 2229 932 2289 domum
953 2230 1146 2289 Tiberianam
1175 2231 1408 2309 Flauiorumque
1435 2236 1525 2296 aedes

195 2332 265 2390 sita:
293 2347 422 2406 superne
448 2339 595 2389 excavata
619 2340 666 2389 est
691 2331 721 2388 in
748 2330 874 2390 formam
902 2330 1032 2390 conchae
1058 2330 1195 2402 strictae,
1224 2342 1257 2390 nt
1283 2332 1327 2391 sic
1348 2333 1525 2397 coniunctus

194 2431 288 2491 fuisse
310 2432 447 2490 uideatur
472 2449 538 2489 cum
564 2431 665 2508 lapide
691 2433 854 2508 superstite
875 2433 952 2490 alter
973 2431 1045 2488 olim
1067 2432 1291 2507 superpositus,
1312 2435 1363 2510 qni
1385 2436 1444 2495 iarn
1466 2455 1525 2496 non

195 2540 289 2592 extat.
326 2533 353 2591 ll
375 2532 492 2591 duobus
514 2532 600 2590 saxis
622 2533 821 2610 superpositis
843 2540 1067 2591 monumentum
1089 2532 1288 2607 compositum
1310 2535 1405 2595 fnisse
1426 2544 1526 2597 osten·

195 2634 269 2691 dunt
294 2640 357 2692 tarn
384 2651 518 2692 summae
544 2631 640 2711 partis
665 2632 776 2709 lapidis
803 2635 856 2709 qui
882 2640 1020 2710 superest
1046 2632 1202 2691 scabritias
1229 2651 1319 2709 quam
1345 2636 1425 2711 qnod
1447 2639 1526 2699 tituli

194 2733 312 2793 litterae
335 2752 439 2794 versus
460 2734 549 2812 primi
571 2734 609 2792 ad
632 2750 781 2792 summum
804 2752 899 2810 usque
921 2734 1084 2810 marginem
1106 2735 1284 2809 perveniunt
1304 2755 1431 2814 eumque
1451 2756 1526 2815 quo-

195 2834 356 2894 dammodo
377 2835 533 2894 excedunt.
570 2834 694 2894 Prostat
714 2854 793 2895 nnnc
815 2836 846 2894 in
868 2834 1027 2894 ruderibus
1049 2833 1132 2894 aedis
1147 2834 1312 2910 Palatinae,
1335 2855 1425 2913 quarn
1443 2839 1526 2898 Iovis

195 2936 320 2994 victoris
342 2936 438 2995 fuisse
460 2936 571 2995 dicunt.

625 3105 1103 3152 cn·nomrrvs·ra·e·cstvmvs

758 3207 951 3252 ronrtrax

736 3307 908 3353 cosman·
921 3307 1012 3350 ruera

759 3407 813 3451 ns·
825 3406 976 3449 naucerus

195 3493 361 3571 Descripsi.
1186 3565 1190 3571 ᾗ

280 3595 329 3655 De
345 3593 407 3654 vita
427 3603 457 3652 et
477 3594 566 3653 rebus
588 3593 684 3671 gestis
699 3589 756 3652 Cn.
771 3590 900 3652 Domitii
915 3591 1035 3652 calvini
1057 3593 1094 3652 ci.
1109 3592 1268 3654 Dramann
1285 3593 1387 3656 (dcccl.
1402 3597 1490 3657 Bonas
1505 3600 1523 3658 3

199 3717 228 3774 p.
245 3697 358 3774 3seqq.
387 3705 418 3754 et
439 3694 537 3756 Orelli
561 3694 661 3755 olom.
687 3692 760 3752 iuli.
787 3711 816 3770 p.
834 3690 905 3752 226.
947 3692 1125 3753 Pontificem
1152 3712 1218 3754 enm
1244 3695 1339 3756 inisse
1364 3697 1527 3759 ostendunt

197 3798 396 3858 instrumenta
420 3797 605 3873 pontificalia
629 3799 854 3872 repraesentata
872 3794 905 3853 in
930 3795 1060 3855 nummis
1089 3794 1222 3872 (Ecklrel
1243 3798 1261 3856 5
1283 3815 1313 3874 p.
1329 3795 1419 3876 209),
1446 3817 1526 3876 quos

197 3899 358 3976 proconsul
378 3897 548 3975 Hispaniae
570 3896 670 3958 Oscae
696 3894 860 3974 signandos
886 3897 1012 3956 curavit.
1055 3894 1253 3956 Consulatum
1279 3899 1378 3976 gessit*
1396 3901 1526 3978 primum

197 4020 225 4060 a.
244 4020 274 4059 u.
295 4018 319 4059 c.
336 3999 394 4058 701
424 3998 648 4076 (Dio40,17.
670 3997 719 4057 45.
739 3996 796 4070 46;
823 3998 903 4075 App.
927 3995 961 4071 2,
980 3997 1032 4070 193
1059 3997 1140 4057 Plut.
1163 3997 1270 4075 Pomp.
1292 4001 1333 4059 45
1355 4000 1442 4077 cet),
1470 4002 1525 4061 ite·

196 4121 262 4159 rum
284 4120 311 4158 a.
327 4100 388 4158 714
410 4100 485 4175 (Dio
507 4097 627 4172 48,15;
650 4099 722 4158 fasti
744 4095 842 4157 Golot
865 4097 956 4156 roll
977 4117 1007 4176 p.
1023 4097 1094 4171 464,
1109 4097 1180 4175 IV).
1222 4099 1391 4161 Proconsul
1412 4101 1526 4179 Hispa·

198 4202 279 4259 niam
306 4199 430 4258 sortitus
458 4198 622 4259 Ceretanos
650 4197 759 4257 devicit
783 4218 810 4257 a.
832 4198 893 4256 715
920 4198 957 4258 de
983 4199 1080 4275 iisque
1106 4199 1301 4275 triumphavit
1327 4220 1354 4258 a
1375 4199 1436 4259 718
1468 4201 1526 4277 (cf.

199 4299 320 4360 tabulae
346 4299 541 4376 triumphales
563 4297 693 4376 Capitol.
721 4298 811 4357 vol.I
831 4318 861 4377 p.
877 4297 935 4358 461
965 4308 996 4357 et
1014 4299 1171 4358 Barberin.
1198 4299 1219 4356 l.
1239 4317 1264 4356 c.
1286 4306 1316 4376 p.'
1332 4299 1422 4376 478),
1452 4319 1526 4360 auro

197 4411 297 4461 autem
317 4401 489 4472 coronario,
510 4400 591 4477 quod
612 4399 866 4477 triumphantibus
887 4399 1030 4477 praebere
1052 4399 1189 4459 civitates
1211 4399 1359 4472 solebant,
1383 4416 1457 4460 nsua
1479 4409 1527 4461 est

198 4503 236 4562 ad
262 4500 453 4560 reficiendam
480 4501 594 4578 regiam
622 4499 760 4561 incendio
787 4500 917 4561 deletam
943 4500 997 4576 (ci.
1023 4499 1085 4559 Dio
1111 4497 1167 4573 48,
1186 4498 1251 4577 42).
1294 4501 1342 4560 Ea
1365 4501 1526 4571 occasione

197 4603 300 4663 oblata
324 4603 414 4662 etiam
439 4603 471 4661 in
493 4601 633 4662 Palatino
654 4601 772 4662 ridetur
796 4600 953 4662 dedicasse
973 4594 1102 4662 statuam
1123 4600 1275 4680 quandam
1295 4599 1414 4662 aliudve
1435 4600 1525 4662 dona·

198 4705 286 4780 rium,
307 4723 376 4766 curn
398 4721 457 4764 non
478 4704 542 4763 veri
564 4703 661 4765 simile
683 4703 723 4763 sit
743 4721 783 4764 ex
803 4703 888 4782 regia
907 4704 1011 4763 basem
1031 4720 1068 4763 eo
1088 4701 1266 4764 transsatam
1287 4718 1367 4764 esse.

761 4953 964 4964 uun—n·—
