3480 5804
203 471 276 541 144
772 485 953 540 nonnssu

203 682 233 720 n.
253 661 345 719 2764.
367 658 463 735 2765)
490 677 579 734 qnam
602 676 621 714 a
642 657 791 716 Bursiauo
812 659 909 734 (Bell.
933 656 1000 718 dett*
1020 658 1093 716 lust.
1118 656 1196 717 1855
1219 675 1248 733 p.
1263 657 1394 734 XXX),
1419 657 1529 717 collata

201 763 330 838 denique
355 779 450 838 nuper
475 779 494 817 a
514 758 683 831 Kochlero,
710 778 764 818 uec
789 759 877 818 latuit
899 760 979 818 viros
1001 759 1122 829 doctos,
1148 759 1200 833 qni
1221 776 1275 835 per
1296 759 1352 817 hos
1373 776 1470 817 annos
1491 758 1529 817 de

201 863 324 921 familiis
345 861 408 920 illis
431 867 568 935 egerunt,
596 868 695 919 tamen
717 861 756 918 ad
780 877 856 936 quos
876 861 998 938 proprie
1019 860 1182 936 pertineat,
1202 859 1233 916 in
1255 868 1340 918 tanta
1359 861 1448 918 turba
1467 869 1528 918 tam

201 962 386 1022 Liciniorum
414 979 503 1037 quam
526 957 757 1036 Calpurniorum
784 960 915 1019 nondum
936 960 1127 1037 exploratum
1147 966 1204 1018 est.
1248 958 1412 1034 Quaerenti
1434 961 1472 1018 de
1493 979 1529 1019 es

200 1063 432 1139 Dittenbergero
452 1079 529 1137 qnae
550 1061 702 1137 respondi,
724 1062 851 1120 licetne
872 1062 945 1119 mibi
966 1061 1085 1137 quidem
1107 1062 1297 1133 successerit,
1318 1069 1352 1118 nt
1372 1061 1476 1119 omnia
1490 1060 1529 1118 ad

201 1164 348 1243 liquidum
368 1162 570 1238 perducerem,
593 1168 692 1219 tamen
714 1181 774 1220 non
795 1161 920 1238 indigue
933 1162 1000 1220 visa
1014 1170 1094 1233 sunt,
1117 1180 1193 1237 ques
1207 1161 1255 1219 bic
1269 1160 1484 1238 proferrentur.

285 1263 420 1323 Titulum
447 1263 577 1338 optimae
605 1263 713 1321 aetatis
739 1280 806 1322 esse
834 1281 901 1322 cum
928 1262 998 1321 inde
1026 1262 1188 1338 colligitur,
1215 1261 1297 1338 quod
1316 1262 1448 1321 honores
1468 1279 1529 1319 non

200 1375 362 1444 ponuntur,
388 1370 452 1422 tum
472 1362 603 1422 maxime
624 1382 664 1422 ex
684 1363 796 1438 forms,
823 1382 900 1440 quae
921 1370 969 1421 est
989 1354 1178 1443 Καλπὲρνιος,
1204 1363 1383 1439 praehabita
1403 1362 1432 1420 ei
1452 1379 1530 1438 quae

201 1475 307 1545 postea
332 1464 460 1524 obtinuit
484 1479 631 1541 expressa
656 1483 710 1540 per
736 1486 778 1521 ου.
820 1463 900 1523 Nam
928 1463 1143 1523 demonstravit
1163 1482 1258 1541 nuper
1278 1462 1529 1539 Dittenbergerus

202 1570 232 1626 in
252 1567 384 1626 Hermae
405 1563 498 1624 volti
519 1584 549 1641 p.
565 1563 626 1622 284
645 1563 789 1624 Latinum
815 1587 847 1621 ου
875 1583 931 1640 pro
957 1564 1124 1640 antiquiore
1151 1586 1164 1620 e
1188 1564 1220 1621 in
1240 1564 1352 1623 talibus
1373 1583 1393 1622 a
1413 1562 1529 1622 Tiberii

201 1669 264 1727 fere
291 1676 387 1726 aetate
412 1666 561 1743 incipere,
588 1665 788 1741 antiquiorem
814 1664 963 1724 scribendi
988 1665 1135 1724 rationem
1155 1674 1224 1742 post
1243 1664 1373 1741 primum
1394 1674 1529 1724 nostrum

202 1769 355 1829 saeculum
376 1786 437 1826 uon
458 1766 586 1842 emplius
607 1784 774 1838 occurrere,
795 1776 829 1825 ut
850 1766 897 1824 vel
917 1785 956 1824 ex
977 1766 1034 1824 boc
1056 1766 1123 1824 solo
1143 1774 1318 1843 argumento
1332 1774 1449 1825 constet
1460 1765 1529 1824 titu-

202 1871 264 1929 lum
284 1888 354 1929 eum
375 1868 493 1944 dequo
516 1867 632 1942 agimus
654 1848 787 1925 Traiano
808 1867 987 1925 anteriorem
1008 1884 1087 1926 esse.

286 1969 374 2028 Duce
402 1975 520 2027 statuae
545 1967 639 2025 eidem
667 1967 734 2026 basi
760 1967 918 2043 impositae
946 1986 1013 2026 cum
1034 1985 1094 2026 non
1115 1968 1305 2027 inveniuntur
1326 1967 1386 2026 nisi
1406 1967 1440 2025 in
1459 1984 1530 2027 con·

202 2071 312 2131 innotis
338 2068 491 2145 personis,
519 2068 651 2126 maxime
675 2068 706 2125 in
733 2068 925 2146 coniugibus,
951 2067 1029 2127 inter
1053 2069 1137 2127 basis
1163 2068 1246 2129 illius
1269 2067 1306 2127 L.
1328 2067 1473 2127 Pisonem
1500 2076 1532 2126 et

197 2173 244 2232 M.
274 2170 370 2246 Frugi
400 2167 589 2228 necessitudo
620 2167 725 2244 abque
751 2168 951 2227 intercesserit
977 2185 1102 2227 necesse
1130 2176 1183 2227 est
1233 2167 1399 2230 Videamus
1429 2169 1530 2247 igitur,

202 2273 256 2350 qni
276 2270 431 2331 extiterint
451 2267 557 2329 Crassi
577 2267 683 2344 Frugi,
708 2277 740 2327 et
763 2267 833 2326 inde
853 2267 979 2344 profecti
1000 2286 1148 2345 quosnam
1168 2268 1191 2328 ii
1211 2269 1352 2347 aequales
1373 2270 1532 2330 habuerint

203 2372 240 2432 L.
262 2372 402 2431 Pisones.

288 2470 384 2549 Fmgi
404 2486 570 2547 cognomen
590 2476 688 2529 aetate
708 2469 821 2530 liberae
842 2468 886 2529 rei
907 2470 1045 2547 publicae
1060 2469 1213 2548 proprium
1227 2470 1284 2530 t'uit
1297 2468 1532 2548 Calpumioruru

203 2575 365 2643 Pisonum,
390 2588 517 2647 quorum
544 2571 660 2646 primus
686 2569 718 2628 id
742 2572 858 2649 accepit
878 2570 968 2630 etad
989 2581 1126 2647 posteros
1146 2572 1327 2648 propagavit
1345 2571 1382 2632 1.
1405 2571 1533 2651 Calpur·

203 2677 273 2734 nius
293 2672 331 2732 L.
352 2671 374 2730 l.
388 2670 463 2729 Piso
478 2669 572 2746 Frugi
593 2679 630 2729 tr.
652 2671 693 2748 pl.
716 2691 743 2730 a.
760 2672 830 2741 605,
852 2689 914 2731 cos.
936 2689 964 2729 a.
981 2670 1038 2730 stt
1051 2671 1092 2747 ¹),
1114 2671 1194 2731 idem
1215 2691 1313 2732 rerum
1327 2672 1532 2733 Romanarum

203 2776 339 2851 locuples
361 2781 473 2830 auctor.
509 2770 659 2829 Videntur
679 2779 779 2831 autem
800 2772 930 2830 Pisones
952 2771 1046 2851 Frugi
1068 2782 1099 2831 et
1118 2772 1246 2831 Pisones
1262 2771 1437 2848 Caesonini,
1456 2792 1533 2851 quo·

203 2896 270 2935 rum
291 2875 431 2952 princeps
453 2877 500 2929 est
519 2869 556 2928 L.
572 2868 756 2948 Calpurnius
779 2870 814 2931 C.
836 2873 858 2930 f.
874 2870 909 2932 C.
931 2893 961 2931 ιι.
983 2872 1058 2932 Piso
1076 2871 1265 2932 Caesoninus
1288 2875 1394 2934 consul
1415 2893 1443 2934 a.
1460 2875 1533 2949 606,

203 2975 331 3055 profecti
357 2991 424 3032 esse
451 2972 490 3029 ab
516 2970 621 3030 eadem
643 2972 750 3050 stirpe,
778 2972 893 3032 scilicet
912 2991 1085 3032 communes
1107 2975 1238 3034 maiores
1258 2974 1400 3035 habuisse
1424 2974 1460 3036 C.
1480 2974 1534 3035 Pi·

204 3095 309 3159 sonem
331 3071 367 3132 C.
389 3073 411 3130 f.
434 3070 470 3132 C.
492 3092 520 3130 n.
548 3071 702 3130 consulem
728 3090 756 3130 a.
771 3073 833 3132 574
860 3080 890 3132 et
910 3072 945 3133 C.
967 3073 1111 3132 Pisonem
1136 3085 1306 3150 praetorem
1331 3095 1359 3135 a.
1375 3077 1451 3149 543,
1478 3077 1535 3153 qui

202 3178 304 3254 primi,
326 3182 471 3251 quantum
492 3171 610 3249 quidem
632 3189 688 3231 nos
710 3173 918 3250 comperimus,
939 3181 1056 3249 gentem
1071 3172 1267 3251 Calpurniam
1284 3177 1533 3250 nobilitaverunt3

205 3297 274 3336 nam
296 3282 326 3335 et
346 3273 508 3352 propinqui
529 3271 587 3331 sibi
607 3270 781 3348 dicuutnr¹)
803 3283 835 3333 et
854 3275 1050 3351 praenomina
1063 3272 1134 3334 Gaii
1155 3285 1186 3334 et
1199 3275 1285 3336 Lucii
1306 3277 1424 3354 utrique
1445 3278 1535 3355 stirpi

204 3376 374 3437 communia
400 3381 471 3434 sunt
497 3382 529 3432 et
554 3374 693 3432 extinctis
713 3374 877 3433 Pisonibus
898 3374 993 3452 Frugi
1018 3392 1184 3452 cognomen
1204 3377 1263 3435 hoc
1283 3376 1322 3435 ad
1343 3376 1534 3439 Caesoninus

204 3488 356 3555 tamqnam
381 3473 534 3553 gentilicio
555 3473 621 3532 iure
640 3475 758 3532 ridetur
782 3470 946 3534 transiisse.
988 3475 1157 3535 Nemeum
1179 3476 1325 3537 Pisonum
1346 3477 1443 3555 Frugi
1463 3479 1535 3539 ulti·

205 3598 283 3652 mus,
298 3595 388 3654 quern
402 3575 522 3652 quidem
537 3576 680 3646 norimus,
694 3573 792 3662 Caius
807 3583 950 3652 quaestor
963 3594 991 3635 a.
1005 3577 1064 3635 696
1079 3595 1171 3655 gener
1185 3575 1341 3637 Ciceronis
1355 3579 1534 3639 adulescens

205 3679 315 3738 obierit
333 3694 412 3736 anno
434 3674 625 3751 sequeute³)‚
645 3692 811 3753 cognomen
833 3694 904 3734 mox
925 3676 1003 3735 redit
1021 3677 1053 3736 in
1074 3677 1110 3735 L.
1134 3676 1298 3753 Calpurnio
1318 3677 1354 3737 L.
1377 3680 1398 3738 f.
1419 3680 1535 3740 Pisone

206 3781 301 3855 Frugi
327 3775 450 3837 consule
476 3793 505 3833 a.
521 3775 580 3833 739
590 3774 636 3850 ⁴),
662 3793 751 3851 quem
776 3785 896 3836 constet
920 3783 1041 3837 auctore
1062 3777 1171 3839 Tacito
1197 3777 1281 3855 (aun.
1305 3778 1403 3857 6,10)
1428 3790 1534 3842 netum

206 3968 409 3982 ρ*

285 4100 308 4164 ¹)
337 4100 378 4151 Cf.
402 4100 569 4152 Drnmannus
594 4103 738 4168 2,81seq.
781 4102 866 4155 Patris
889 4120 984 4157 nomen
1007 4107 1155 4158 rescivimus
1179 4122 1213 4159 ex
1237 4108 1408 4158 monumentis
1431 4108 1457 4168 I,
1478 4108 1532 4159 196

207 4195 242 4260 (p.
256 4193 302 4255 66)
321 4208 346 4242 v.
361 4192 396 4242 ⁷4
421 4199 447 4241 ct
465 4192 491 4253 I,
512 4192 574 4243 646.
612 4192 663 4245 Cei
687 4209 767 4260 nepos
786 4195 862 4260 vulgo
884 4196 1028 4262 appellatur
1050 4199 1106 4248 siue
1124 4204 1236 4250 auctore.
1273 4198 1438 4264 cognomen,
1462 4198 1534 4264 quod

206 4291 306 4352 ponunt
323 4283 373 4349 ipsi
391 4282 452 4333 iusti
466 4284 604 4348 Capitolini
625 4283 649 4345 (1
667 4301 693 4350 p.
707 4285 782 4347 466),
801 4301 860 4337 eum
878 4288 989 4352 primum
1008 4290 1130 4339 meruisse
1149 4289 1244 4340 diserte
1256 4290 1295 4340 ait
1309 4290 1447 4340 adnotator
1458 4288 1533 4340 Cice·

205 4379 276 4429 ronis
293 4375 431 4426 BobIeusis
454 4390 479 4439 p.
494 4375 557 4425 166.
593 4375 739 4441 Diligenter
762 4376 795 4427 de
819 4392 850 4429 eo
875 4378 942 4429 dixit
964 4394 1046 4445 nuper
1068 4381 1157 4430 Herm.
1179 4380 1257 4432 Peter
1280 4380 1340 4430 bist.
1358 4380 1433 4432 Rom.
1457 4380 1534 4447 reliq.

205 4485 232 4534 p.
244 4466 438 4519 CLXXXVIII
446 4480 499 4530 seq.

282 4554 307 4620 ⁹)
334 4558 364 4607 L.
384 4557 447 4607 Piso
468 4555 627 4607 Caesoninus
645 4558 735 4608 consul
753 4573 782 4625 u.¹
792 4559 845 4610 696
864 4560 1023 4625 propinquus
1041 4560 1134 4611 dicitur
1150 4562 1254 4613 Placuis
1271 4561 1350 4626 Fmgi
1368 4561 1417 4611 viri
1430 4560 1535 4613 Tulliae

205 4628 275 4714 apud
294 4648 445 4700 Ciceronem
470 4662 528 4697 cum
551 4662 606 4698 seu.
624 4664 663 4713 gr.
683 4663 722 4714 eg.
743 4650 790 4713 16,
805 4651 840 4701 66
866 4658 892 4701 et
914 4666 963 4716 pro
981 4650 1048 4704 Sest.
1068 4652 1112 4714 61,
1126 4653 1176 4715 66,
1200 4653 1287 4704 affinis
1306 4651 1439 4704 Ciceronis
1461 4653 1536 4719 apud

205 4741 289 4805 ipsum
308 4755 355 4804 pro
375 4739 443 4792 Sest.
463 4739 537 4788 ssu.

282 4827 294 4862 ⁸
335 4829 507 4880 Drumenni
531 4831 576 4881 66.

281 4829 307 4983 ⁴3
334 4921 402 4971 Nem
422 4917 456 4969 Δ.
475 4866 648 4988 ltdsnodpme
664 4918 699 4970 Λ.
713 4920 746 4971 υ1.
768 4915 858 4972 Πίσων
877 4910 999 4991 deriperas
1017 4924 1110 4974 dicitur
1128 4925 1155 4974 in
1174 4923 1263 4974 Indice
1281 4923 1389 4988 Diouis,
1413 4924 1458 4975 ubi
1483 4925 1536 4978 lroc

207 5016 355 5074 corruptum
374 5024 429 5061 esse
448 5017 555 5076 apparet
574 5025 606 5061 ex
624 5009 729 5080 Φροῦγι.
762 5014 901 5067 Praeterea
919 5014 974 5066 solo
987 5013 1091 5066 Pisonis
1109 5016 1261 5081 cognomine
1279 5016 1430 5082 appellatur,
1448 5031 1536 5084 neque

206 5114 326 5166 umquam
345 5100 485 5154 Caesonini
503 5101 527 5151 ei
545 5101 673 5153 tribuitur.
