3480 5804
216 425 286 496 156
564 439 864 492 submurmurvu
883 440 934 492 so
952 441 1057 494 assu.
1077 440 1180 492 cous.

210 616 284 674 licre
310 615 505 691 praenomina
529 615 724 686 invertantur,
751 631 817 671 oum
843 612 1019 688 praesertim
1038 610 1083 691 Q.
1106 612 1295 671 Nobiliorem
1321 610 1361 669 M.
1390 611 1410 668 1.
1438 611 1542 668 trium-

211 717 306 774 virum
334 716 482 775 coloniam
504 714 667 773 deduxisse
689 713 796 774 Cicero
818 713 902 772 Brut.
925 712 979 784 20,
996 713 1034 772 79
1057 722 1161 772 auctor
1183 712 1235 788 sit)
1257 745 1298 756 —
1320 712 1486 790 legationes
1509 711 1540 769 in

211 817 418 875 Macedoniam
440 835 465 874 a
482 816 543 874 583
566 814 713 891 (141443,
732 817 758 886 1,
776 814 827 872 12:
850 815 891 873 M.
907 815 1048 890 Fulvius)
1070 825 1098 873 et
1118 833 1144 871 a.
1162 815 1221 873 584
1245 813 1326 888 (Liv.
1343 814 1393 884 43,
1412 816 1459 883 ll,
1476 811 1519 888 2).

295 918 323 975 7.
367 915 516 976 Censores
542 936 570 975 a.
586 915 647 974 580
676 914 713 989 Q.
736 915 877 974 Fulvium
898 915 1042 974 Flaccum
1068 925 1098 973 et
1123 916 1160 973 A.
1183 915 1373 974 Postumium
1396 913 1540 973 Albinum

212 1039 228 1077 e
255 1029 361 1078 senatu
386 1018 519 1077 movisse
544 1017 625 1077 illius
652 1017 773 1075 tratrem
800 1034 974 1092 germanum
999 1023 1030 1075 et
1050 1024 1219 1075 consortem
1241 1024 1378 1074 auctores
1400 1024 1469 1073 sunt
1490 1013 1540 1072 Li·

211 1120 277 1179 vius
298 1120 348 1190 41,
369 1116 457 1191 27,2
486 1125 516 1177 et
541 1117 674 1176 Velleius
696 1119 721 1191 1,
745 1118 782 1176 10
808 1118 841 1176 in
869 1119 1062 1192 praenomine
1091 1117 1180 1175 huius
1209 1116 1437 1185 dissentientes3
1470 1132 1540 1172 narn

212 1218 349 1279 Gnaeum
376 1220 509 1295 appellat
529 1217 680 1289 Velleius,
707 1218 833 1277 Lucium
860 1218 974 1277 Livius.
1018 1217 1095 1278 Uter
1115 1219 1236 1289 errarit,
1263 1217 1453 1276 determinari
1480 1233 1541 1274 non

209 1327 318 1398 potest,
345 1339 524 1396 quamquam
539 1319 655 1379 Velleio
676 1320 770 1392 favet,
793 1319 873 1395 quod
895 1317 1076 1394 praenomen
1097 1318 1185 1379 Lucii
1207 1327 1401 1393 praetereas
1422 1315 1542 1375 Fulviis

210 1421 329 1481 Flaccis
352 1422 480 1480 alienum
502 1430 559 1479 est.
603 1419 650 1479 cf.
673 1422 745 1479 item
767 1439 843 1497 quae
865 1420 996 1478 diximus
1019 1421 1057 1478 ad
1079 1439 1106 1477 n
1125 1421 1154 1479 9.

294 1521 322 1579 8.
365 1521 567 1580 Praenomina
587 1522 681 1598 patris
703 1522 811 1598 avique
833 1527 994 1598 supersunt
1014 1522 1045 1579 in
1066 1521 1163 1580 fastis.
1200 1521 1240 1579 M.
1261 1519 1387 1578 Fulvius
1408 1519 1541 1578 Flaccus

210 1622 314 1680 aedilis
329 1623 425 1699 plebis
444 1641 471 1680 a.
486 1622 544 1682 565
568 1622 648 1698 (Lir.
665 1622 715 1693 38,
732 1624 781 1693 35,
797 1622 840 1698 6),
862 1630 983 1700 praetor
1003 1640 1029 1679 a.
1047 1622 1107 1681 567
1130 1621 1209 1697 (Liv.
1226 1622 1276 1693 38,
1291 1619 1341 1691 42,
1357 1622 1386 1679 4.
1403 1620 1436 1695 6)
1459 1618 1556 1700 idem¹

210 1723 326 1782 videtur
348 1740 430 1793 esse,
452 1741 511 1781 non
535 1723 574 1781 M.
598 1723 726 1782 Fulvius
749 1721 786 1796 Q.
809 1723 846 1794 1.,
868 1742 934 1781 cum
957 1723 1008 1799 qui
1029 1723 1113 1798 prior
1134 1723 1173 1781 ad
1195 1723 1380 1781 consulatum
1402 1722 1542 1798 pervenit

208 1824 333 1883 eundem
354 1824 510 1901 probabile
532 1824 573 1882 sit
593 1824 683 1883 etiam
704 1824 834 1900 reliquos
856 1825 986 1883 honores
1008 1825 1107 1901 priore
1128 1832 1261 1899 tempore
1282 1824 1407 1900 cepisse.

293 1925 321 1983 9.
365 1924 472 1983 Frater
496 1923 531 1994 Q.
556 1925 653 1983 tulus
673 1925 805 1983 consulis
828 1943 855 1982 a.
871 1924 933 1983 574
956 1925 1000 1983 Μ.
1022 1924 1145 1982 Fulvius
1167 1924 1303 1983 Nobilior
1323 1924 1461 1983 tribunus
1483 1925 1541 1982 mi·

208 2024 295 2082 litum
317 2043 395 2083 anno
416 2026 519 2083 eodem
542 2035 789 2084 commemoratur
810 2025 890 2103 apud
905 2024 1025 2084 Livium
1041 2026 1091 2096 40,
1107 2026 1157 2097 41,
1173 2025 1201 2095 7,
1224 2025 1276 2083 ubi
1297 2026 1394 2103 magis
1415 2025 1446 2082 in
1468 2042 1540 2102 eog-

209 2126 328 2183 nomine
351 2133 479 2183 erratum
501 2142 569 2184 esse
585 2125 760 2184 crediderim
776 2144 865 2201 quam
880 2126 1050 2201 adoptionis
1065 2125 1129 2184 iure
1145 2127 1279 2185 Marcum
1295 2127 1372 2184 huno
1386 2145 1405 2184 a
1418 2125 1540 2185 Flaccis

209 2225 246 2282 ad
268 2225 441 2284 Nobiliores
466 2227 630 2285 transiisse.
673 2227 813 2285 Valerius
839 2226 992 2286 Maximus
1016 2224 1049 2296 2,
1066 2226 1133 2296 7,5
1162 2236 1192 2283 41
1219 2227 1270 2301 qui
1298 2245 1365 2285 eum
1394 2225 1541 2304 expilavit

208 2325 372 2386 Frontinus
391 2336 475 2385 strat.
492 2328 520 2399 4,
539 2329 565 2399 l,
582 2327 632 2398 32,
654 2346 722 2385 cum
743 2328 893 2386 tribunum
915 2347 942 2386 a.
959 2328 1018 2385 574
1041 2346 1060 2384 a
1082 2345 1206 2386 censore
1228 2347 1255 2386 a
1271 2328 1332 2387 580
1353 2339 1458 2387 senatu
1472 2346 1538 2386 mo·

206 2437 268 2484 turn
291 2444 359 2486 esse
380 2428 528 2498 scribant,
549 2427 744 2486 confuderunt
764 2428 852 2487 binos
875 2425 1004 2500 Quintos
1027 2434 1056 2485 et
1077 2428 1195 2486 Marcus
1216 2427 1342 2487 Fulvios
1366 2426 1403 2501 Q.
1426 2435 1457 2486 et
1478 2426 1536 2488 Cn.

206 2526 296 2586 filios.
339 2525 478 2587 Ceterum
505 2528 565 2586 iam
592 2527 724 2586 diximus
751 2527 804 2602 (ed
829 2547 858 2585 n.
880 2526 913 2603 6)
942 2529 979 2586 de
1005 2528 1116 2587 Marcis
1143 2546 1219 2604 quae
1246 2529 1403 2588 traduntur
1427 2548 1536 2607 parum

207 2627 396 2686 determinari
418 2646 519 2704 posse,
542 2628 581 2685 ad
602 2637 701 2686 utrum
723 2647 826 2687 eorum
849 2635 991 2703 spectent.

292 2730 340 2786 10.
377 2726 487 2787 Gaium
508 2730 586 2786 hunc
606 2729 762 2803 requirunt
782 2736 870 2787 notae
891 2728 953 2786 11114
976 2728 1143 2805 adscriptae
1161 2728 1192 2788 in
1207 2730 1352 2789 fastorum
1367 2730 1536 2808 fragmento

206 2836 317 2888 recens'
331 2837 459 2905 reperto.

291 2931 338 2986 11.
375 2929 411 2987 In
425 2930 683 2988 senatusconsulto
697 2930 734 2987 de
749 2928 961 2988 Prienensibus
977 2939 1007 2988 et
1019 2929 1129 2991 Samiis
1145 2932 1215 2991 anni
1229 2930 1287 2990 619
1303 2932 1423 3008 expleto
1438 2951 1535 3010 nuper

206 3050 224 3087 a
249 3028 380 3088 Lebasio
407 3029 480 3105 (vol.
497 3029 544 3088 111
565 3051 593 3088 n.
616 3028 798 3106 195-198)
824 3031 929 3089 consul
954 3032 1083 3108 primum
1108 3032 1216 3091 dieitur
1241 3023 1371 3117 Σίρουιος
1398 3024 1535 3094 detrusae

205 3122 320 3187 Κοίντου
341 3123 400 3190 uide
418 3124 595 3212 cr[parr,·yde
608 3123 744 3207 ἥπατος,
765 3148 838 3189 mox
853 3122 997 3214 [Σὲρουιος
1010 3123 1160 3209 fleterne
1175 3126 1290 3191 Κοίντου
1306 3125 1421 3196 ὕπατος.
1457 3133 1535 3215 Sup-

204 3230 369 3307 plemento,
392 3231 473 3308 quod
494 3231 652 3308 proposuit
669 3230 875 3309 Waddington
897 3225 1100 3310 Στ[ιλλατι’να,
1121 3225 1243 3313 dJraroe
1265 3236 1378 3308 obstat,
1399 3238 1481 3312 quod
1500 3238 1535 3297 in

203 3332 408 3391 instrumentis
433 3332 560 3409 publicis
586 3334 813 3410 magistratuum
839 3333 1008 3393 nominibus
1035 3354 1195 3412 numquam
1223 3336 1302 3414 quod
1323 3338 1415 3396 sciam
1437 3339 1536 3400 tribus

204 3433 393 3504 adscribitur,
415 3433 452 3493 de
474 3433 682 3510 supplemento
704 3451 796 3511 supra
810 3436 922 3511 scripto
935 3436 1015 3495 infra
1035 3435 1078 3514 (p.
1095 3435 1154 3497 223
1164 3437 1242 3514 seq.)
1263 3437 1387 3498 dicetur.
1401 3471 1444 3483 —
1466 3438 1533 3502 Ser.

203 3535 343 3593 Fulvium
366 3534 520 3594 consulem
542 3553 568 3593 a
585 3534 645 3594 619
669 3533 772 3608 Quinti
793 3536 887 3596 filium
913 3536 1007 3597 fuisse
1032 3556 1101 3597 cum
1123 3540 1418 3600 senatusconsultum
1440 3541 1533 3601 modo

202 3635 355 3694 laudatum
383 3635 531 3708 docuerit,
560 3636 763 3712 quaerendum
791 3644 941 3714 superest,
968 3646 1067 3697 utrum
1094 3638 1185 3698 fuerit
1209 3640 1289 3700 lilius
1313 3638 1417 3714 Quinti
1441 3639 1479 3716 Q.
1510 3643 1531 3702 1.

203 3736 337 3794 consulis
360 3755 387 3794 a.
404 3737 464 3796 575
486 3754 525 3793 an
547 3734 654 3810 Quinti
676 3734 731 3796 On.
753 3737 774 3794 f.
798 3739 929 3798 consulis
951 3757 977 3796 a.
994 3739 1064 3798 574.
1100 3739 1191 3799 Illum
1211 3739 1319 3800 Livius
1342 3739 1408 3818 (42,
1422 3741 1473 3816 28,
1491 3742 1531 3803 12

203 3836 315 3895 collato
335 3835 403 3894 val.
426 3835 508 3894 Max.
532 3837 559 3907 l,
576 3839 603 3908 1,
620 3835 673 3913 20)
700 3837 804 3896 scribit
823 3838 934 3915 laqueo
957 3839 1047 3899 vitam
1068 3839 1204 3901 finivisse
1225 3859 1253 3900 a.
1270 3840 1330 3902 582
1352 3843 1459 3902 nuntio
1479 3861 1531 3903 ae-

201 3943 288 4014 cepto
311 3955 350 3995 ex
365 3937 481 3996 duobus
495 3936 575 4008 filiis,
597 3936 723 4013 quitum
737 3938 769 3996 in
783 3938 906 4015 Illyrico
920 3939 1092 4012 militarent,
1115 3941 1242 4001 alterum
1256 3921 1433 4018 decessisse,
1455 3945 1531 4006 alte·

201 4055 268 4096 rum
289 4038 375 4115 gravi
389 4037 494 4097 morbo
509 4054 629 4114 aegrum
644 4055 721 4098 esse.
757 4037 817 4098 Hic
830 4039 990 4116 quominus
1010 4040 1037 4101 is
1056 4043 1098 4101 sit
1117 4042 1168 4119 qui
1183 4043 1281 4103 144444
1296 4044 1390 4122 gessit
1410 4064 1439 4104 a
1455 4044 1530 4119 619,

200 4147 280 4198 certe
301 4137 376 4197 nihil
395 4138 506 4197 obstat.

286 4237 334 4298 12.
358 4239 406 4299 13.
448 4239 572 4299 Petrum
593 4257 777 4318 avorumque
798 4243 921 4302 nomina
941 4243 1134 4322 suppeditant
1154 4245 1226 4306 14411
1247 4244 1421 4324 Capitolini.

286 4341 332 4400 14.
352 4341 463 4401 1516.
507 4341 660 4401 Plutarch.
684 4340 718 4402 0.
742 4340 937 4404 044441116.
956 4344 1002 4403 17.
1044 4343 1150 4405 Cicero
1170 4345 1202 4404 in
1224 4345 1291 4406 Cat.
1307 4348 1337 4419 4,
1352 4346 1383 4419 6,
1398 4349 1438 4409 13
1460 4365 1529 4409 cunt

200 4442 291 4500 schol.
316 4439 449 4502 Gronov.
492 4442 623 4521 Philipp.
638 4443 667 4515 8,
682 4444 712 4515 4,
730 4445 776 4502 14.

1226 4582 1285 4644 Tu.
1308 4582 1486 4646 Monusru.
