3480 5804
203 498 276 569 248
727 511 1007 564 amanteum

202 689 344 765 gistratus
366 685 522 744 Romanus
549 684 605 742 luit
626 685 678 760 qui
700 686 823 760 proprio
844 703 879 741 ac
900 685 1035 760 legitimo
1055 685 1175 743 nomine
1196 686 1344 744 iuridicrtr
1367 694 1546 743 vocaretur.

202 786 304 861 Quare
330 804 418 844 nemo
439 785 572 861 intellegi
593 798 709 860 potest,
736 785 794 842 nisi
816 798 868 842 aut
888 785 1052 860 proconsul
1072 785 1220 855 Achaiae,
1246 796 1301 844 aut
1325 785 1458 863 legatus
1480 802 1546 844 cor·

200 898 309 947 rector.
344 886 415 944 Non
437 905 509 944 vero
535 886 633 955 illum,
654 885 707 943 sed
728 886 807 943 bunc
827 885 924 942 inisse
944 904 1011 942 cum
1025 884 1185 960 Borghesii
1204 885 1300 961 ipsius
1323 894 1545 962 argumentum

202 988 358 1063 probabile
384 986 495 1057 reddit,
522 985 603 1061 quod
629 985 709 1043 illius
735 985 902 1042 iurisdictio
922 985 963 1042 ad
983 982 1123 1061 Spartam
1147 986 1296 1045 civitatem
1318 987 1459 1047 liberam
1485 1002 1544 1044 uon

202 1087 391 1166 pertinuerit,
424 1095 486 1144 tum
520 1087 618 1144 omnis
650 1085 798 1142 dubitatio
829 1086 993 1161 expellitur
1020 1087 1109 1144 titulo
1135 1086 1244 1157 Attico,
1265 1104 1329 1162 quo
1352 1077 1544 1170 aprutiensis

202 1181 369 1247 §adonio
396 1177 445 1241 uui
471 1178 696 1266 ἇιτιπξᾶπγσς
720 1194 855 1243 vocatur.
897 1185 976 1245 Nam
998 1187 1070 1261 quin
1091 1198 1217 1261 uterque
1241 1186 1398 1246 Aemilius
1427 1186 1541 1245 Ionon!

202 1288 279 1347 idem
307 1289 348 1345 sit
371 1288 431 1344 iam
458 1304 545 1344 nemo
570 1286 726 1344 dubitabit.
770 1283 831 1358 Qui
857 1304 950 1360 quum
978 1286 1124 1343 Hadriani
1153 1294 1251 1344 aetate
1275 1287 1387 1357 inerit,
1416 1287 1482 1345 iam
1509 1286 1540 1345 id

202 1407 322 1465 quoque
343 1387 489 1464 explicari
511 1396 624 1463 potest,
652 1405 706 1444 eur
727 1386 832 1443 titulus
854 1400 979 1461 uterque
1004 1387 1035 1443 in
1057 1405 1178 1445 munere
1199 1387 1322 1445 Aemilii
1345 1388 1441 1447 lunci
1465 1387 1540 1446 indi·

201 1490 297 1550 cando
319 1488 490 1546 nominibus
513 1500 574 1545 tam
594 1487 656 1544 late
677 1488 858 1562 patentibus,
885 1487 987 1561 qualia
1007 1494 1078 1543 sunt
1098 1478 1279 1569 epea-Erotio
1299 1479 1475 1550 Σεβαστοῦ
1492 1477 1538 1545 rai

201 1579 426 1671 (ἐπιπρέπῃ-[σς
446 1598 477 1644 et
497 1578 673 1643 δικαιοὸέπς
687 1587 790 1661 (atque
805 1605 843 1643 ne
856 1585 960 1643 eodem
974 1586 1095 1661 quidem
1111 1587 1229 1644 nomine
1243 1587 1387 1663 uterque)
1404 1596 1538 1647 utantur.

202 1690 323 1752 Scilicet
352 1688 507 1763 proprium
539 1696 569 1743 et
594 1686 728 1744 solemne
760 1687 826 1744 eius
858 1687 989 1744 muneris
1015 1687 1194 1745 vocabulum
1224 1698 1287 1745 tum
1313 1688 1456 1746 nondum
1481 1688 1536 1745 tuit

201 1791 332 1859 omnino,
361 1787 413 1844 sed
434 1787 503 1861 ipso
524 1804 647 1844 munere
669 1786 764 1843 multo
784 1787 933 1845 recentius
955 1795 1010 1844 est
1054 1785 1157 1860 Quum
1178 1788 1257 1845 enim
1277 1788 1458 1859 Maximus,
1486 1788 1537 1863 qui

202 1891 345 1956 Traiano,
366 1898 396 1944 et
409 1886 601 1944 Pactumeius
616 1884 766 1955 Clemens,
788 1889 840 1961 qui
855 1886 1010 1944 Hadriano
1024 1886 1202 1962 imperatore
1222 1906 1259 1946 eo
1273 1907 1403 1946 munere
1416 1888 1537 1948 functos

203 1999 263 2060 est,
292 1988 358 2046 solo
386 1987 553 2062 legatorum
582 1986 703 2043 nomine
728 1985 823 2044 multo
849 1987 942 2044 latius
969 1996 1089 2062 patente
1116 1987 1330 2063 significentur,
1356 1988 1400 2060 ei,
1426 1990 1536 2065 quibus

202 2090 355 2168 proprium
384 2084 561 2143 vocabulum
592 2095 734 2145 corrector
757 2082 987 2167 (iamepSorrffc)
1015 2088 1201 2165 adiungitur,
1229 2088 1322 2145 multo
1349 2091 1536 2150 recentiores

202 2200 281 2249 sunt.
319 2185 404 2260 Quos
427 2186 505 2243 enim
527 2196 652 2243 noverat
671 2186 817 2244 eiusmodi
838 2186 976 2244 homines
991 2186 1185 2263 Borghesius,
1205 2187 1364 2263 Quum
1378 2189 1535 2249 stoculra

202 2289 251 2364 (G.
279 2288 305 2346 1.
337 2287 432 2356 1341,
459 2283 601 2361 Spartae)
627 2296 658 2344 et
685 2285 723 2343 L.
750 2286 910 2361 Eqnutium
940 2286 1081 2345 Victorem
1107 2286 1273 2345 Lollianam
1301 2286 1355 2362 (C.
1384 2290 1413 2347 I.
1446 2289 1534 2363 1624,

200 2388 366 2462 Plataeis),
402 2404 441 2443 ex
475 2386 513 2442 iis
542 2385 628 2443 illum
656 2384 836 2457 Commodo,
874 2387 953 2443 bunc
980 2385 1126 2462 Septimio
1152 2385 1264 2447 Severo
1291 2398 1347 2445 aut
1372 2386 1535 2449 Caranlla

200 2493 381 2566 imperatore
407 2505 443 2543 eo
469 2503 592 2542 munere
616 2484 749 2542 functum
775 2487 924 2562 probavit.
966 2486 1074 2562 Neque
1098 2487 1275 2563 antiquioris
1296 2490 1449 2564 temporis
1470 2508 1534 2551 esse

201 2590 339 2648 videntur
359 2586 420 2643 dno
441 2584 502 2641 alia
523 2584 662 2660 exempla
682 2582 891 2666 irervegkurdv
911 2588 1085 2662 provinciae
1098 2588 1241 2659 Achaiae,
1263 2606 1342 2663 quae
1363 2592 1533 2651 recentiore

202 2701 335 2764 tempore
367 2687 399 2742 in
430 2686 528 2742 lucem
559 2685 748 2759 prodierunt,
786 2685 829 2741 Ti.
862 2683 981 2743 Claudii
1014 2686 1197 2763 Callippiani
1219 2688 1320 2745 Italici
1348 2688 1535 2763 (Bullettino

205 2788 284 2848 1862
307 2807 336 2863 p.
354 2785 427 2859 119)
449 2791 479 2841 et
503 2781 557 2843 Cn.
582 2783 702 2841 Claudii
722 2783 888 2860 Leontici¹)
910 2782 995 2861 (Ἐφ.
1018 2782 1091 2868 ἆρχ.
1111 2787 1218 2861 3797).
1254 2786 1334 2846 Nam
1356 2807 1456 2865 quum
1476 2793 1534 2851 ira

203 2887 350 2949 eiusmodi
382 2885 504 2942 nomina
536 2884 567 2940 in
593 2884 763 2941 hominibus
792 2883 831 2941 ad
858 2902 991 2943 summos
1018 2886 1148 2944 bonores
1178 2888 1289 2946 evectis
1316 2892 1419 2967 magis
1447 2896 1533 2953 tertio

204 3007 292 3064 quam
319 2984 404 3042 alteri
426 3001 455 3056 p.
478 2981 549 3040 chr.
578 2983 698 3041 saeculo
727 2985 887 3042 convenire
914 2986 1084 3055 videantur,
1111 2986 1189 3046 aliae
1212 2989 1346 3049 rationes
1371 2993 1533 3053 accedunt:

204 3085 413 3162 Callippianus
435 3081 559 3139 Italicus
581 3083 659 3139 enim
681 3083 712 3138 iu
733 3084 821 3141 titulo
843 3084 951 3142 dicitur
969 3077 1152 3167 πρεσβευπζς
1170 3089 1236 3143 τῶν
1256 3082 1467 3151 Sellae-rio
1485 3084 1533 3151 ml

204 3176 436 3266 ἀντιστράτηγος.
481 3178 577 3253 Quem
603 3181 751 3258 pluralem
779 3201 959 3259 quamquam
985 3187 1076 3243 etiam
1096 3186 1134 3243 de
1155 3188 1359 3265 compluribus
1381 3192 1533 3271 Augustis

204 3288 256 3364 qui
277 3304 311 3343 se
331 3282 459 3342 invicem
474 3283 647 3358 exceperint
666 3281 803 3357 usurpari
818 3282 1020 3343 demonstravi
1041 3285 1072 3360 (I
1085 3306 1115 3362 p.
1133 3287 1216 3362 110),
1231 3298 1330 3346 tamen
1345 3290 1396 3349 hic
1410 3302 1537 3371 propter

203 3390 301 3464 ipsam
323 3383 455 3443 muneris
478 3381 708 3440 extraordinarii
731 3390 868 3440 naturam
894 3383 925 3440 id
951 3384 1017 3442 reri
1042 3385 1140 3444 simile
1166 3405 1226 3445 non
1252 3398 1312 3460 est3
1341 3408 1406 3450 nou
1433 3402 1535 3469 potest

204 3488 296 3566 igitur
315 3492 384 3544 ante
404 3482 445 3541 Μ.
461 3482 620 3539 Aurelium
641 3492 672 3541 et
691 3481 727 3540 L.
742 3481 856 3542 Verum
877 3483 984 3541 titulus
1006 3486 1190 3561 compositus
1211 3505 1287 3560 esse,
1307 3488 1352 3548 ita
1370 3499 1408 3549 ut
1421 3491 1535 3553 Pactu·

203 3587 283 3646 meio
305 3583 457 3643 Clemente
486 3589 516 3640 et
536 3582 667 3641 Aemilio
688 3583 794 3654 Iunco,
821 3584 872 3658 qui
898 3584 1017 3640 nomine
1039 3581 1240 3666 irunvopSaeric
1265 3588 1438 3668 (corrector)
1459 3612 1536 3653 non.

204 3688 275 3745 dum
296 3692 429 3754 utuntur,
457 3683 560 3757 utique
581 3682 676 3740 multo
697 3684 843 3741 recentior
870 3683 911 3740 sit
931 3681 1140 3760 Callippianus
1165 3686 1304 3758 Italicus;
1328 3690 1406 3749 mihi
1432 3704 1535 3753 autem

204 3785 268 3843 veri
290 3783 416 3842 similius
439 3791 495 3851 est,
523 3773 698 3844 Σεβαποῦς
719 3782 767 3841 hic
789 3782 965 3859 Septimium
987 3781 1130 3843 Severum
1151 3795 1182 3844 et
1202 3785 1392 3848 caracallam
1415 3792 1535 3854 intelle·

206 3884 321 3961 gendos
343 3899 421 3940 esse.
465 3878 585 3938 Certius
612 3881 702 3939 etiam
728 3882 871 3941 iudicium
898 3884 934 3941 de
956 3882 1012 3942 Cn.
1035 3881 1155 3944 Claudii
1174 3885 1311 3946 Leontici
1336 3898 1438 3952 aetate
1460 3894 1537 3954 reni

204 3989 312 4060 potest.
361 3978 456 4040 Cuius
483 3979 587 4038 titulus
614 4000 681 4039 cum
708 3982 751 4040 ita
776 4000 810 4041 se
835 3983 957 4041 habeat:
983 3977 1032 4039 τδν
1052 3979 1255 4068 λαμπρότατον
1272 3984 1279 4068 Ι
1296 3983 1434 4048 ὑπατικὸν
1454 3984 1506 4052 καὶ
1527 3996 1534 4071 Ι

204 4074 403 4163 ἒπανορθωτῆν
421 4079 427 4156 Ι
445 4085 492 4138 Γν.
507 4083 562 4139 Κλ.
576 4074 721 4138 Δεοντικδν
739 4078 744 4161 Ι
763 4083 827 4159 Πο.]
838 4074 970 4165 Ἑρέννιος
983 4085 1180 4161 ΠτολΙε]μαῒος
1199 4083 1247 4144 τᾶν
1266 4084 1390 4166 iaculari]
1412 4082 1463 4149 aui
1485 4096 1538 4165 τῆς

203 4176 314 4241 πόλεως
333 4180 338 4257 Ι
362 4170 523 4260 εὐεργέτην,
548 4182 686 4256 quamvis
713 4183 816 4241 titulus
837 4185 967 4260 Megaris
988 4184 1151 4244 collocatus
1172 4195 1229 4258 est,
1254 4188 1451 4250 dubitandum
1472 4212 1537 4255 non

204 4289 264 4355 est,
291 4281 364 4357 quin
385 4280 433 4338 hic
455 4279 624 4341 Herennius
646 4281 837 4342 Ptolemaeus
861 4284 940 4341 idem
966 4285 1006 4343 sit
1030 4304 1097 4344 cum
1119 4285 1155 4344 P.
1177 4286 1330 4346 Herennio
1351 4288 1534 4355 Ptolemaeo

203 4381 382 4444 Atheniensi
412 4380 533 4439 bomine
565 4399 697 4441 summae
731 4384 762 4440 in
792 4403 824 4441 re
853 4383 972 4458 publica
1001 4385 1171 4462 dignitatis,
1202 4397 1287 4465 patre
1319 4388 1356 4448 P.
1382 4389 1537 4455 Herennii

203 4480 341 4558 Dexippi
366 4480 521 4555 scriptoris
546 4481 725 4540 nobilissimi
751 4480 801 4557 (Ο.
822 4483 847 4541 Ι.
872 4480 926 4542 Gr.
954 4483 1023 4543 380.
1051 4483 1141 4544 Rosa.
1165 4486 1253 4546 Dem.
1281 4488 1345 4565 ts).
1389 4490 1535 4568 Quodsi

202 4581 246 4640 ita
267 4590 327 4651 est,
352 4581 418 4639 fieri
438 4598 500 4639 uon
524 4587 637 4657 potest,
664 4589 697 4640 ut
717 4582 823 4641 titulus
848 4583 935 4642 tertio
956 4584 1077 4644 saeculo
1098 4588 1250 4663 antiquior
1270 4589 1319 4649 sit.
1362 4588 1535 4673 Hucusque

203 4681 241 4741 de
261 4699 298 4741 eo
320 4680 386 4739 solo
407 4698 539 4755 munere,
564 4681 644 4757 quod
665 4682 696 4739 in
719 4680 848 4742 Graecia
868 4684 964 4762 gessit
985 4686 1133 4746 Aemilius
1153 4687 1274 4761 Iuncus,
1295 4689 1369 4750 dixi.
1413 4690 1478 4755 Sed
1501 4706 1537 4755 ut

279 4982 304 5045 ⁸)
336 4983 487 5035 Pittalislus
516 4986 620 5051 quidem
647 4988 709 5053 legit
736 4989 1072 5055 ΓΝΚΑΛΕΟΝΤΙΚΟΝ,
1098 4990 1144 5041 sed
1169 4990 1198 5041 in
1225 4992 1331 5043 Velsenl
1358 4992 1464 5048 schafflr
1493 5006 1536 5050 ert

203 5081 556 5143 tutacueoumttou.
