3480 5804
525 538 822 592 onsaavanonns
839 540 958 592 amon.
973 540 1036 591 xv.
1080 572 1085 581 .
1371 522 1443 594 297

117 728 158 769 aa
177 729 243 769 vero
264 720 292 769 et
310 712 447 786 quamdiu
473 720 514 768 est
539 714 569 769 in
595 711 784 786 mapietratul
812 712 863 770 sed
882 715 977 770 verius
1003 722 1059 783 est,
1086 713 1114 770 εἰ
1133 715 1159 769 is
1185 714 1368 787 nepissana
1394 723 1446 785 εει,

118 813 171 888 qui
190 814 251 870 siae
265 814 377 887 fraude
396 815 427 868 in
448 815 494 870 ius
515 816 615 871 vocari
634 831 691 871 aon
710 821 812 889 potest,
834 813 1036 889 expectandam
1057 830 1131 884 esse,
1158 814 1256 889 quoad
1277 817 1448 889 maqistratu

118 912 211 971 abeat
255 912 362 989 Itaque
384 914 410 971 si
439 912 581 971 mulieres
608 914 664 972 hae
686 912 721 972 C.
743 912 916 972 Lucretium
942 922 1010 990 post
1036 913 1195 990 imperium
1220 912 1389 990 depositum
1415 914 1447 972 in

121 1013 169 1071 ius
191 1012 368 1071 eduxissent
388 1013 426 1072 ad
448 1024 616 1089 praetorem
635 1014 825 1091 peregrinum
846 1013 1020 1072 iniuriarum
1042 1015 1162 1073 nomine
1183 1020 1213 1072 et
1233 1015 1448 1090 recuperatori·

121 1112 179 1172 bus
200 1115 238 1172 ab
260 1132 297 1173 eo
319 1122 456 1190 praetore
485 1115 544 1173 sibi
571 1115 650 1173 datis
672 1115 794 1190 planum
815 1114 956 1173 fecissent
981 1116 1155 1174 contraius
1177 1114 1247 1173 dolo
1270 1115 1349 1173 malo
1371 1134 1390 1173 a
1411 1113 1447 1175 Ο.
1500 1174 1508 1186 ,

121 1211 264 1272 Lucretio
286 1217 363 1274 sein
379 1234 527 1274 carcerem
542 1215 692 1274 coniectas
711 1233 777 1274 esse
798 1215 912 1274 aliasve
933 1215 1058 1274 iniurias
1079 1215 1234 1293 passas¹),
1256 1216 1449 1275 condemnari

119 1333 203 1374 reum
230 1316 370 1392 oportuit.
414 1316 593 1375 Iniuriarum
618 1323 717 1375 autem
743 1316 817 1374 iuris
839 1317 949 1392 privati
970 1317 1117 1375 actionem
1143 1317 1216 1376 iuris
1239 1316 1366 1376 consulti
1387 1335 1449 1374 non

121 1414 262 1493 ignorant
281 1416 430 1493 duplicem
451 1416 554 1490 fuisse,
580 1416 706 1476 alteram
726 1417 899 1493 legitimam,
921 1435 1047 1493 poenam
1069 1417 1228 1476 habentem
1253 1427 1307 1476 aut
1326 1416 1448 1475 talionis

121 1524 174 1574 aut
194 1518 338 1592 pecuniae
360 1527 469 1588 certae,
490 1518 616 1576 alteram
637 1519 774 1577 moribus
795 1519 992 1576 introductam
1015 1516 1115 1592 (Paul.
1131 1525 1208 1577 sent.
1229 1536 1288 1577 rec.
1312 1520 1341 1590 5,
1363 1518 1393 1588 4,
1417 1516 1450 1592 7)

121 1622 153 1675 et
178 1617 284 1676 deinde
310 1619 341 1675 in
365 1618 494 1677 edictum
520 1619 668 1693 praetoris
690 1634 839 1694 receptam
861 1619 1104 1678 aestimatoriam.
1147 1618 1196 1677 Ita
1218 1616 1314 1678 Gaius
1337 1618 1365 1690 3,
1390 1615 1451 1675 224

122 1728 281 1793 postquam
312 1719 349 1777 de
380 1719 434 1777 illa
464 1720 540 1778 dixit
566 1721 609 1777 ita
635 1721 744 1796 pergit:
777 1721 828 1778 sed
851 1737 926 1777 nanc
952 1721 1013 1777 alio
1038 1723 1101 1777 iure
1126 1722 1246 1778 utimur:
1274 1721 1452 1796 penninitnr

122 1820 195 1875 caim
208 1819 290 1887 nobis
305 1829 470 1895 epraetore
490 1823 562 1896 ipe-is
576 1824 713 1879 iniuriam
731 1825 881 1879 aestimare
902 1828 932 1878 et
949 1837 1027 1895 quae
1046 1831 1219 1896 sequuntur.
1262 1818 1453 1897 Quapropter

122 1917 200 1977 actio
222 1917 435 1978 determinatur
460 1920 491 1977 iu
513 1928 634 1980 senatus
656 1922 793 1981 consulto
822 1920 932 1980 additis
955 1920 1055 1980 verbis
1077 1911 1122 1977 ἐπὶ
1143 1912 1246 1999 ἀξίαν,
1269 1923 1301 1978 ia
1322 1923 1452 1979 aestima·

122 2022 233 2079 ιιόιεηε.
274 2020 349 2079 Inde
374 2022 568 2081 iureconsulti
596 2041 778 2100 quamquam
804 2023 841 2080 de
868 2023 937 2097 ipsa
956 2040 989 2080 re
1010 2020 1086 2081 nihil
1107 2021 1275 2093 addiscent,
1303 2019 1454 2096 quantivis

121 2118 234 2179 sacient
254 2121 311 2179 boc
336 2122 476 2180 didicisse
502 2123 648 2180 actionem
670 2123 844 2181 iniuriarum
872 2122 1105 2181 aestimatoriam
1132 2122 1201 2198 ipso
1229 2122 1349 2181 saeculo
1372 2121 1454 2178 urbis

122 2228 210 2279 sexto
235 2221 267 2278 in
295 2239 353 2280 usu
378 2223 481 2281 sitisse.
529 2223 642 2281 Rerum
671 2231 769 2281 autem
795 2222 999 2280 Romanarum
1026 2222 1155 2280 studiosi
1179 2223 1222 2280 ita
1247 2223 1455 2280 confirmatum

122 2321 284 2395 habebunt,
309 2323 391 2399 quod
420 2324 533 2382 dudum
554 2341 645 2383 nosse
672 2333 825 2405 poterant,
853 2322 907 2380 sed
932 2321 1127 2380 nihilominus
1154 2321 1240 2380 multi
1264 2321 1454 2397 ignorabant,

122 2421 244 2481 licuisse
265 2424 423 2500 uuicuique
444 2426 507 2485 sive
528 2425 587 2483 civi
608 2424 672 2484 sive
693 2424 852 2502 peregrino
873 2423 1082 2500 magistratum
1103 2431 1226 2498 propter
1245 2422 1295 2493 id,
1323 2421 1402 2497 quod
1423 2421 1455 2479 in

123 2524 300 2601 magistratu
315 2526 522 2597 commisisset,
544 2527 575 2584 iu
594 2525 642 2585 ius
656 2544 765 2584 vocare
786 2532 819 2583 ut
832 2523 892 2582 alio
907 2523 1018 2582 iudicio
1033 2522 1162 2599 privato,
1185 2523 1228 2581 ita
1248 2521 1321 2580 forti
1335 2539 1455 2598 quoque

123 2630 155 2682 et
174 2624 359 2687 iniuriarum.
396 2624 479 2698 Quid
500 2626 580 2702 quod
601 2627 741 2686 universa
760 2624 991 2701 repetundarum
1009 2625 1146 2700 quaestio
1168 2631 1235 2683 orta
1256 2632 1362 2682 estex
1383 2622 1456 2680 furti

124 2724 241 2785 actione
269 2726 316 2784 vel
337 2727 438 2804 potius
465 2746 503 2785 ex
530 2727 716 2786 condictione
736 2727 850 2784 furtiva
874 2725 948 2784 iuris
969 2725 1088 2801 privati.
1115 2756 1154 2766 -
1184 2721 1312 2786 Senatus
1334 2730 1368 2782 ut
1388 2741 1456 2801 per·

124 2825 223 2884 mittat
242 2828 389 2886 eiusmodi
411 2829 558 2887 actionem
579 2828 743 2901 intendere,
769 2845 841 2886 sane
862 2825 943 2903 leges
964 2844 1025 2885 non
1046 2825 1211 2902 requirunt;
1239 2824 1291 2883 sed
1318 2825 1457 2900 quitum

124 2934 190 2985 erat
210 2935 307 2988 status
324 2930 368 2988 rei
384 2929 503 3005 publica
517 2929 682 3000 Romanae,
703 2927 850 2987 eiusmodi
864 2920 1033 2986 consultum
1047 2926 1107 2984 nisi
1121 2926 1344 3003 praecessisset,
1365 2924 1457 2983 homo

124 3027 300 3104 peregrinus
325 3050 409 3088 reum
437 3030 552 3089 ordinis
581 3029 724 3089 senatorii
749 3029 781 3086 in
804 3028 948 3088 iudicium
970 3026 1138 3087 vocavisset
1159 3045 1226 3086 eum
1248 3043 1305 3084 sua
1325 3026 1458 3103 pernicie

124 3129 226 3205 potius
247 3148 337 3204 quam
358 3130 452 3189 illius.
495 3130 592 3191 Plane
617 3130 754 3190 similiter
775 3147 855 3188 anno
876 3128 1072 3207 praecedente
1092 3126 1224 3203 Hispani
1245 3126 1309 3185 nixi
1330 3126 1458 3204 genibus

125 3229 163 3287 ab
189 3238 294 3286 senatu
319 3231 482 3305 petierant,
510 3238 542 3289 ut
570 3231 606 3289 de
627 3231 761 3308 pecuniis
784 3231 879 3305 captis
901 3236 1069 3306 praetorem
1093 3228 1194 3285 iuius
1217 3245 1324 3285 vocare
1346 3227 1459 3298 liceret,

124 3328 216 3403 idque
238 3347 306 3385 cum
327 3329 582 3405 impetravissent,
603 3332 864 3406 recuperatoribus
880 3330 1007 3404 sumptis
1030 3346 1098 3386 eum
1112 3327 1289 3384 damnarant
1310 3325 1391 3400 (Liv.
1406 3327 1457 3398 43,

65 3422 71 3435 ’
127 3427 170 3504 2).
194 3461 232 3470 —
258 3428 309 3486 Ad
331 3427 365 3488 C.
387 3428 560 3488 Lucretium
583 3436 617 3488 ut
636 3429 805 3499 redeamus,
827 3446 888 3504 quo
909 3438 1043 3504 tempore
1064 3428 1123 3485 boc
1144 3436 1267 3485 senatus
1288 3426 1459 3483 consultum

126 3529 235 3587 iactum
251 3536 305 3602 est,
328 3548 430 3588 mense
445 3529 571 3590 Octobri
586 3548 613 3587 a.
629 3527 689 3589 584
705 3528 815 3587 dudum
835 3529 862 3586 is
884 3547 923 3587 ex
938 3527 1115 3586 Macedonia
1127 3525 1272 3598 redierat3
1294 3544 1363 3584 nam
1377 3526 1459 3585 iusto

126 3637 262 3706 tempore
277 3648 483 3690 successorem
504 3631 620 3707 accepit
638 3649 693 3689 nec
707 3628 863 3707 probabile
877 3637 925 3688 est
943 3634 1014 3704 post
1033 3627 1102 3685 idus
1117 3626 1243 3684 Martias
1262 3645 1289 3684 a.
1305 3626 1376 3699 584,
1398 3644 1458 3701 quo

127 3732 283 3808 imperium
305 3733 420 3791 linitum
442 3741 515 3805 erat,
544 3732 596 3791 diu
617 3748 760 3806 cumpro
782 3738 920 3806 praetore
942 3728 1034 3787 classi
1054 3726 1232 3804 praefuisse.
1275 3725 1335 3788 Sed
1356 3727 1458 3804 ipsum

126 3830 248 3891 Livium
264 3851 355 3911 supra
370 3833 498 3892 vidimus
513 3833 625 3892 referre
640 3830 826 3908 aliquamdiu
847 3850 914 3889 eum
929 3829 1056 3889 latuisse
1070 3827 1155 3887 Antii
1171 3827 1248 3886 falso
1269 3836 1457 3900 excusatum,

127 3942 279 4009 tamquam
301 3935 345 3992 rei
366 3935 505 4010 publicae
527 3952 620 3993 causa
641 3933 779 4004 abesset,
807 3940 838 3991 et
858 3940 1017 4009 eapropter
1038 3940 1175 3989 senatum
1197 3947 1318 3988 causam
1340 3927 1459 3988 Chalci·

127 4032 265 4092 densium
286 4035 457 4112 ampliasse,
479 4035 574 4093 donec
588 4034 716 4093 adesset.
751 4030 836 4105 Quae
858 4032 959 4090 omnia
979 4033 1070 4091 etiam
1091 4031 1129 4089 ad
1144 4030 1365 4090 Thisbaeomm
1385 4047 1458 4105 que·

126 4136 272 4195 rimonias
293 4144 373 4195 recte
392 4135 558 4194 referemus
580 4136 646 4192 siue
667 4133 758 4192 dubio
780 4133 869 4190 simul
889 4132 953 4191 lere
973 4139 1125 4190 tractatas.

209 4235 317 4312 Capite
337 4236 452 4295 decimo
473 4236 516 4311 (v.
539 4234 677 4309 53-56)
703 4234 802 4310 agitur
822 4232 860 4291 de
881 4233 1025 4291 societate
1044 4230 1186 4289 frumeuti
1211 4237 1252 4302 et,
1278 4237 1311 4289 ut
1331 4229 1458 4302 videtur,

128 4338 198 4410 olei,
222 4357 300 4414 quae
321 4336 481 4396 Thisbaeis
502 4335 594 4395 fuerit
614 4354 681 4394 cum
703 4332 808 4393 Gnaeo
833 4332 952 4390 homine
973 4330 1158 4402 Pandosino,
1179 4330 1211 4387 id
1232 4338 1289 4402 est,
1310 4337 1344 4388 ut
1365 4347 1459 4405 supra

128 4458 159 4517 p.
175 4439 235 4499 289
251 4438 390 4513 vidimus,
406 4438 521 4497 Italico.
556 4435 691 4499 Societas
704 4454 741 4494 ea
756 4434 839 4510 (nam
862 4431 923 4490 alia
940 4448 989 4490 res
1003 4430 1149 4490 vocabulo
1163 4430 1244 4506 quod
1265 4436 1312 4489 est
1331 4421 1458 4486 κοινωνία

130 4541 293 4619 significari
317 4559 378 4599 non
397 4539 509 4616 potuit)
531 4538 601 4597 talis
622 4537 685 4595 fere
706 4536 773 4606 luit,
795 4533 915 4611 qualem
935 4532 1077 4591 describit
1096 4530 1246 4609 Ulpianus
1268 4530 1342 4607 (dig.
1364 4531 1413 4602 17,
1428 4528 1457 4586 ι.

131 4643 182 4716 52,
202 4642 246 4719 2),
268 4642 318 4701 ubi
340 4660 442 4717 aprum
458 4642 579 4717 petitori
600 4642 701 4698 damas
722 4640 754 4694 ia
776 4653 916 4696 commone
937 4635 1108 4709 quaerendis
1122 4632 1282 4710 frustillum
1305 4648 1382 4707 quae
1404 4647 1459 4705 po·

129 4745 250 4804 litiones
265 4743 416 4821 quomodo
438 4742 503 4801 fieri
525 4741 661 4813 debeant,
683 4736 759 4797 Cato
774 4736 811 4795 de
832 4756 864 4795 re
878 4743 952 4795 rust.
969 4733 1038 4794 136.
1057 4733 1114 4791 137
1137 4742 1259 4793 enarrat
1273 4731 1324 4807 (cl.
1339 4730 1458 4789 Plinius

131 4937 335 4948 ——u—t—

209 5060 233 5121 ¹)
258 5059 301 5111 De
319 5067 407 5123 stupro
426 5056 568 5108 Foucartus
587 5053 691 5118 cogitat,
710 5065 794 5118 neque
813 5049 840 5101 id
858 5050 1010 5100 iniuriarum
1029 5049 1130 5101 actione
1148 5061 1202 5100 non
1221 5043 1459 5112 comprehenditur;

133 5152 178 5203 sed
198 5167 243 5203 cur
261 5152 294 5203 de
312 5167 343 5204 ea
361 5151 455 5202 iniuria
473 5128 801 5214 potissimum'cogitcmua
822 5157 899 5195 causa
918 5141 989 5193 nulla
1007 5148 1053 5193 est.
