3480 5804
534 509 831 566 onsunvfflonns
848 512 968 566 ustus.
987 515 1027 565 11.

647 683 689 741 M.
712 679 832 741 Silanus

374 780 1073 877 Μ
1095 816 1244 881 Claudia?

409 912 472 954 cos.
496 893 556 953 tts

478 976 483 1122 l

271 1130 313 1190 M.
327 1126 648 1190 SilanusvDomitia
714 1128 750 1189 C.
766 1128 889 1190 Silanus
930 1133 971 1190 M.
989 1131 1110 1193 Silanus
1152 1135 1192 1193 D.
1208 1134 1255 1195 Si·
1297 1138 1435 1200 luuiaC.

508 1208 657 1269 Calvina?
708 1211 742 1271 0.
759 1213 780 1270 f.
796 1213 836 1271 M.
853 1234 882 1272 n.
939 1212 973 1273 Ο.
992 1215 1091 1274 icus.
1155 1217 1243 1278 lanus
1304 1217 1400 1280 Silani
1414 1222 1436 1281 i.

678 1294 901 1354 cos.763=10
934 1296 1097 1356 768=15
1291 1301 1447 1380 Torquate

134 1459 268 1520 Aemilia
288 1486 327 1514 υ
349 1457 392 1517 Μ.
407 1455 529 1518 Silanus
539 1456 581 1516 M.
595 1457 617 1515 f.
695 1455 730 1516 0.
754 1374 872 1534 Apipius
975 1379 1064 1519 Iu'nia
1085 1490 1123 1517 υ
1146 1460 1182 1521 0.
1197 1460 1315 1523 Caesar

141 1541 259 1619 Lepida
399 1539 573 1614 Torquatus
723 1538 846 1600 Silanus
944 1540 1097 1602 Claudilla
1194 1545 1265 1621 imp.

119 1624 274 1703 proneptis
361 1639 424 1681 cos.
441 1621 500 1680 tlt
515 1647 552 1672 =
567 1621 605 1680 19
680 1639 741 1680 cos.
752 1623 852 1682 781=
862 1622 901 1684 28

131 1708 264 1783 Augusti

131 1991 375 2052 natnr76⁷=14
416 1999 525 2067 qualus
540 1991 581 2048 M.
598 1988 643 2050 si·
727 1989 850 2051 Silanus
922 1991 1018 2052 Silani
1040 1993 1116 2051 Tor·
1207 1996 1228 2053 f.
1251 1995 1380 2056 Calvina

188 2092 252 2135 eos.
273 2074 315 2134 46
420 2073 528 2143 lanii,
544 2079 632 2130 natus
700 2073 872 2148 Torquatus
907 2076 991 2150 quati
1005 2075 1025 2132 i.
1040 2085 1135 2151 nupta
1190 2087 1283 2154 nupta
1296 2078 1332 2137 L.
1348 2080 1395 2140 vi-

388 2162 484 2214 aaut
498 2153 536 2213 23
552 2161 605 2212 ant
620 2153 669 2226 27,
730 2172 792 2215 cos.
815 2156 853 2215 53
944 2154 980 2216 C.
995 2154 1104 2216 Cassio
1256 2161 1340 2221 tellio

382 2235 673 2379 'Solimrli‘qwioe
957 2237 1094 2316 Longino

460 2339 480 2378 u
512 2337 608 2395 rrmp.
635 2363 644 2377 .

142 2472 180 2533 L.
194 2473 299 2533 lunius
314 2469 362 2534 Si·

133 2555 222 2616 lanus
236 2555 374 2633 Torque-

178 2647 227 2697 tua
249 2635 324 2710 †65

124 2784 196 2845 Non
222 2786 389 2864 recepimus
412 2782 447 2845 0.
474 2784 594 2844 lunium
617 2783 652 2845 0.
679 2784 700 2844 i.
724 2784 859 2847 Silanum
886 2804 947 2847 cos.
969 2806 997 2847 a
1014 2787 1089 2862 738,
1117 2807 1178 2850 non
1199 2793 1268 2852 ausi
1289 2810 1356 2852 oum
1379 2793 1452 2853 Bor·

123 2886 231 2966 gbesio
259 2904 443 2964 praenomen
471 2887 566 2962 patris
595 2905 634 2944 ex
664 2884 741 2945 Gaio
768 2888 801 2946 in
828 2887 963 2947 Marcum
990 2896 1121 2964 mutare,
1148 2910 1203 2950 neo
1223 2894 1321 2971 magis
1348 2893 1384 2953 L.
1408 2893 1455 2956 Si·

122 2987 213 3047 lanos
234 2987 310 3046 duos
330 2986 505 3046 consultura
526 2987 683 3062 petitorem
705 3005 733 3045 a
750 2987 809 3047 7³3
832 2988 972 3061 alterum,
995 2990 1122 3049 alterum
1144 2992 1297 3052 consulem
1319 3012 1344 3053 c.
1360 3012 1387 3053 a.
1404 2992 1453 3054 tt.

123 3088 288 3149 Praeterea
301 3084 339 3162 Q.
355 3085 506 3147 Caecilius
519 3087 561 3145 M.
575 3087 596 3144 s.
611 3087 752 3145 Metellus
767 3085 905 3147 Creticus
920 3090 1023 3150 consul
1043 3110 1070 3149 a
1086 3112 1115 3150 u.
1131 3110 1157 3150 c.
1173 3092 1234 3151 760
1247 3117 1284 3143 ==
1300 3113 1330 3170 p.
1347 3091 1419 3155 Chr.
1436 3096 1453 3153 l

125 3197 224 3249 aetate
249 3195 409 3265 provectus
433 3188 493 3247 iam
519 3197 550 3247 et
575 3187 744 3247 consularis
770 3189 932 3265 adoptatus
958 3190 998 3249 sit
1022 3208 1143 3250 necesse
1165 3202 1213 3251 est
1232 3210 1252 3251 a
1272 3193 1360 3252 Iunio
1381 3213 1454 3270 quo

125 3289 196 3349 dam
222 3287 342 3362 Silano,
372 3289 452 3347 uude
486 3289 552 3365 ipse
584 3298 692 3364 postea
720 3289 828 3346 dicitur
854 3287 976 3348 Silanus
1007 3291 1146 3362 Creticus,
1171 3292 1235 3350 lilia
1260 3294 1340 3364 eius,
1369 3296 1455 3354 cuius

125 3390 259 3469 elogium
284 3408 380 3467 nuper
403 3389 516 3467 optime
541 3389 673 3448 restituit
693 3388 855 3448 Henzenus
883 3388 933 3463 (iu
960 3390 1035 3448 actis
1062 3391 1146 3448 acad.
1168 3391 1269 3450 Berol.
1291 3393 1457 3453 minoribus

128 3489 220 3564 1866,
240 3487 327 3566 247),
347 3489 487 3549 defuncta
507 3508 534 3550 o.
550 3507 577 3548 a.
595 3489 643 3561 19,
665 3507 731 3546 oum
754 3506 868 3564 sponsa
888 3498 970 3548 esset
982 3488 1114 3549 Neronis
1130 3488 1303 3550 Germanici
1316 3492 1349 3564 i.‚
1369 3492 1457 3552 Iunia

127 3590 229 3653 Silani
240 3591 271 3665 s.
298 3589 383 3665 (vide
407 3607 485 3666 quas
506 3589 570 3648 dixi
591 3590 623 3647 in
643 3589 774 3647 Hermae
795 3587 889 3646 voli
911 3609 941 3666 p.
960 3588 1047 3666 126);
1074 3600 1105 3649 at
1126 3609 1193 3649 cum
1216 3609 1253 3648 ne
1273 3590 1311 3649 de
1331 3609 1457 3668 praeno·

127 3692 209 3752 mins
229 3691 349 3768 quidem
371 3696 503 3762 constet,
530 3689 643 3748 frustra
661 3689 848 3765 quaerimus,
870 3691 991 3766 quinam
1013 3708 1053 3748 ex
1075 3688 1188 3750 Silauis
1209 3709 1276 3749 eum
1298 3690 1458 3768 adoptarit.

127 3791 269 3868 Denique
290 3791 327 3850 de
349 3788 461 3849 Silonis
480 3788 640 3849 Gaetulicis
662 3809 723 3848 non
744 3790 841 3847 habeo
862 3791 943 3866 quod
964 3790 1073 3848 addam
1094 3791 1277 3850 enarrationi
1298 3791 1460 3868 Borghesii

127 3892 204 3970 (lc.
226 3911 256 3968 p.
272 3888 348 3966 214)
373 3890 573 3968 probabiliter
593 3908 646 3949 eos
667 3889 829 3966 repetentis
851 3908 871 3947 a
892 3889 932 3948 D.
955 3888 1059 3950 Silano
1081 3891 1174 3950 fratre
1195 3891 1354 3950 consulum
1375 3911 1402 3951 a.
1421 3893 1459 3951 10

127 4002 159 4054 et
175 3993 222 4051 15.
270 3991 349 4050 Eum
375 3990 479 4049 liberis
503 3997 653 4049 carentem
682 3990 844 4065 adoptasse
869 3991 965 4049 videri
991 3990 1085 4048 lilium
1113 3988 1169 4049 Cn.
1197 3990 1318 4050 Lentuli
1345 3989 1459 4051 Gaetu·

127 4094 180 4154 lici
200 4092 336 4153 consulis
363 4109 390 4148 a.
406 4090 446 4148 26
474 4090 515 4166 (v.
539 4101 665 4149 stemma
686 4088 896 4149 Corneliorum
921 4091 1002 4166 quod
1023 4091 1157 4150 dedimus
1178 4091 1194 4148 I
1216 4110 1245 4167 p.
1265 4091 1323 4167 14)
1349 4092 1460 4152 dictum

128 4204 289 4273 propterea
308 4192 349 4251 D.
370 4191 490 4249 Iunium
512 4189 646 4251 Silanum
662 4189 863 4262 Gaetulicum,
885 4208 964 4248 anno
978 4210 1007 4266 p.
1024 4188 1096 4249 Chr.
1113 4190 1151 4249 63
1174 4200 1327 4266 receptum
1347 4193 1378 4250 iu
1399 4193 1459 4251 col-

128 4295 242 4372 legium
274 4292 395 4369 aliquod
425 4291 527 4350 nobile
553 4290 756 4360 sacerdotum3
788 4290 826 4348 ab
860 4291 918 4348 hoo
943 4299 1046 4347 natum
1073 4309 1141 4349 esse
1166 4290 1208 4347 M.
1236 4291 1356 4349 Iunium
1381 4289 1460 4351 Sila·

129 4414 202 4454 num
222 4393 377 4452 Lutatium
399 4389 557 4462 Catulum,
585 4391 669 4449 cuius
690 4390 823 4448 defuncti
844 4408 923 4448 auno
945 4390 1052 4448 aetatis
1073 4390 1215 4448 vicesimo
1237 4391 1332 4466 primo
1354 4391 1459 4451 titulus

128 4501 266 4572 repertun
293 4500 340 4553 est
365 4493 396 4551 in
421 4491 559 4568 sepulcro
581 4487 756 4566 Scipionum
779 4489 888 4564 (Orell.
909 4489 994 4564 560).
1038 4487 1159 4549 Silanos
1181 4498 1260 4548 certe
1284 4487 1460 4550 Gaetulicus

128 4595 208 4655 inter
232 4593 378 4670 patricios
406 4592 539 4651 adiectos
567 4608 635 4649 esse
661 4590 731 4648 inde
757 4589 921 4665 colligitur,
951 4589 1033 4665 quod
1056 4590 1106 4647 bic
1132 4589 1240 4648 saliare
1261 4589 1460 4650 sacerdotium

129 4696 244 4756 babuit.
286 4691 418 4770 Stirpem
445 4711 510 4751 eam
539 4692 578 4750 ad
599 4690 724 4749 Traiani
746 4698 873 4748 aetatem
901 4691 1025 4748 durasse
1047 4689 1230 4767 Borghesius
1257 4699 1337 4748 recte
1363 4689 1462 4751 effecit

129 4815 170 4857 ex
191 4796 259 4856 loco
280 4793 434 4854 Iuvenalis
456 4793 486 4866 8,
502 4791 556 4864 26;
578 4791 616 4849 ad
638 4790 769 4868 Augusti
791 4800 889 4849 autem
911 4789 1081 4866 progeniem
1105 4808 1141 4847 ea
1161 4806 1222 4847 nou
1242 4790 1393 4867 pertinuit.

213 4896 344 4956 nerunt
374 4896 452 4954 duae
483 4892 725 4964 observationes,
759 4891 853 4950 altera
886 4891 923 4948 de
951 4890 1159 4948 coniunctione
1187 4907 1265 4965 quaa
1291 4890 1462 4951 intercessit

129 4999 210 5059 inter
229 4997 336 5057 Iunios
358 4994 479 5057 Silanos
505 5003 535 5054 et
556 4993 687 5052 Manlios
709 4992 897 5066 Torquatos,
930 4990 1026 5050 altera
1055 4991 1092 5048 de
1118 4991 1263 5050 affinitate
1290 5008 1380 5067 qnam
1409 5008 1459 5048 vo-

130 5098 311 5159 luntiuisse
331 5097 500 5157 interillos
521 5105 552 5155 et
573 5092 720 5154 Claudios
743 5093 894 5169 patricios.
936 5090 978 5150 Et
997 5091 1080 5151 illius
1102 5091 1222 5169 quidem
1244 5091 1462 5152 coniunctionis

1217 5194 1235 5252 5
