3480 5804
718 509 992 573 ADDITAMENTA

837 783 879 841 11.

280 905 462 983 Fragmenta
482 905 542 963 duo
563 922 730 963 marmorea
750 902 782 961 in
803 899 989 962 eruderando
1011 899 1077 958 foro
1091 898 1229 958 Romano
1251 897 1364 955 effossa
1385 915 1413 952 a.
1432 891 1523 966 1872,

196 1006 355 1067 adservata
379 1024 457 1064 nunc
482 1006 514 1064 in
539 1012 639 1063 monte
660 1004 800 1062 Palatino
826 1003 858 1060 in
882 1001 1040 1078 repositis:
1067 1001 1099 1058 in
1125 999 1293 1076 fragmento
1314 1015 1333 1054 a
1360 1012 1453 1073 supra
1479 995 1526 1053 in·
1572 1048 1576 1055 .

197 1107 389 1183 scriptionem
417 1106 546 1184 spatium
572 1105 708 1164 relietum
734 1111 781 1164 est
801 1121 944 1174 vacuum,
971 1103 1003 1160 in
1024 1102 1041 1158 b
1068 1108 1206 1177 superest
1231 1100 1322 1158 etiam
1343 1095 1526 1173 astragalus,

197 1225 285 1283 quem
314 1207 416 1266 notavi
441 1207 473 1265 in
500 1207 597 1283 capite
623 1211 794 1282 parastatae
820 1204 910 1280 primi
938 1203 977 1261 ad
998 1202 1158 1261 Romulum
1185 1207 1350 1277 spectante.
1395 1196 1528 1257 Coniun-

197 1307 295 1387 genda
315 1307 444 1366 frustula
465 1317 534 1367 sunt
555 1326 621 1367 cum
643 1306 809 1384 fragmento
831 1302 1003 1381 Capitolino
1024 1303 1057 1362 X
1078 1321 1146 1362 cum
1167 1320 1263 1379 eoque
1283 1309 1374 1379 eaput
1394 1298 1531 1359 efficiunt

139 1420 142 1425 '
197 1416 368 1484 parastatae
389 1408 477 1468 tertii.

801 1544 822 1584 a
1129 1524 1146 1581 b

262 1627 350 1685 Varr.
366 1627 425 1686 453
515 1643 554 1683 u·
568 1609 1020 1686 meduanae-anmoins»
1036 1603 1100 1751 ‚prs
1113 1651 1120 1666 ·
1134 1637 1215 1681 caan

673 1660 772 1889 *u

524 1741 729 1786 tamenn-aa
774 1741 894 1785 avscms
909 1756 917 1770 ·
932 1743 958 1784 E·
969 1748 992 1783 t.
1003 1738 1134 1783 mar²sets

547 1842 731 1886 1·K·Dsseem
760 1843 779 1884 R

201 1914 368 1992 Descripsi.

243 2013 289 2074 Cf.
311 2015 384 2073 fasti
406 2014 581 2074 consulares
603 2021 633 2074 et
654 2015 719 2072 biv.
738 2015 790 2087 10,
806 2017 896 2075 3-5.
941 2015 988 2075 Ibi
1010 2015 1152 2076 Valerius
1174 2016 1282 2076 dieitur
1303 2014 1469 2086 Maximus,
1491 2011 1530 2070 de

201 2132 261 2190 quo
283 2115 378 2176 altero
400 2115 487 2175 huius
508 2115 565 2173 viri
586 2116 763 2193 eognomine
783 2116 851 2176 vide
873 2117 1091 2176 Mommsenum
1112 2117 1201 2175 vol.I
1222 2136 1251 2194 p.
1267 2115 1340 2176 566.

840 2526 899 2585 III.

288 2642 504 2720 Fragmentum
530 2662 730 2702 marmoreum
755 2653 905 2720 repertum
926 2645 1037 2704 ibidem
1059 2646 1222 2722 eodemque
1242 2645 1309 2704 loco
1330 2644 1535 2717 adservatum,

205 2745 277 2802 item
292 2743 437 2803 effossum
457 2761 484 2802 a.
499 2743 593 2803 1872:
615 2744 733 2802 videtur
746 2745 883 2822 proxime
898 2745 982 2821 sequi
997 2747 1196 2824 fragmentum
1211 2745 1416 2825 Capitolinum
1428 2743 1535 2804 XVII.

376 3905 435 3967 563
571 3937 597 3980 p.
610 3935 635 3969 eo
692 3915 720 3944 '¹
733 3927 768 3969 tes
783 3923 844 3977 aas.
859 3929 873 3969 ι
886 3936 908 3968 aa
922 3926 991 3978 scipta
1005 3937 1042 3968 aaa
1057 3927 1113 3970 Μ

619 4027 705 4070 mica.
721 4036 765 4070 aas.
779 4027 806 4069 da
819 4027 866 4070 tota

213 4084 381 4165 Descripsi.

269 4187 330 4248 559
366 4189 414 4252 Of.
435 4189 542 4252 Livius
557 4190 608 4267 33,
623 4190 678 4253 aa:
699 4192 864 4271 Hispanias
886 4192 1072 4271 Sataprontua
1093 4179 1259 4267 οἰεινίὃνωκ,
1282 4193 1403 4255 Helvius
1424 4192 1544 4255 aumo-

367 4311 426 4354 rem
452 4302 495 4353 ast
518 4297 645 4354 sortitus.
692 4293 770 4354 Item
793 4294 916 4368 34,10:
1040 4293 1083 4354 Μ.
1110 4294 1215 4356 Helvia
1243 4296 1386 4356 madeat
1411 4314 1445 4355 ee
1469 4295 1544 4356 aits·

366 4398 444 4455 riare
464 4394 613 4471 Hispania
640 4403 671 4454 et
690 4403 761 4472 post
780 4395 854 4454 alia:
880 4390 1000 4455 aeteram
1019 4396 1130 4455 biennia
1144 4405 1217 4473 past
1235 4397 1371 4469 redierat,
1393 4412 1456 4457 eum
1470 4412 1546 4473 pra·

367 4498 465 4557 vinata
489 4498 647 4556 successori
669 4494 705 4567 Q.
727 4495 857 4556 Mauso
883 4496 991 4556 tradita
1017 4515 1122 4556 annam
1148 4499 1337 4574 insequentem
1356 4505 1481 4557 retentae
1502 4494 1548 4555 tta

368 4596 453 4674 laapo
474 4606 501 4656 at
519 4600 605 4674 praet
616 4599 728 4673 suisset
746 4597 852 4656 morto.
888 4598 985 4674 itaqua
1006 4597 1115 4656 duabus
1135 4597 1219 4656 macta
1235 4598 1376 4658 amitus
1389 4605 1457 4656 ante
1468 4592 1548 4657 1101·

366 4699 429 4757 vias
458 4715 548 4758 avana
573 4697 672 4758 arbem
699 4707 741 4758 eat
768 4699 927 4774 inpressas,
957 4715 1044 4774 qaam
1071 4714 1215 4757 tatemer
1242 4701 1302 4758 aaa
1331 4695 1367 4769 Q.
1395 4694 1547 4758 asmaaaa

367 4797 563 4873 triumpharat.
598 4797 675 4858 Item
695 4797 747 4870 34,
763 4797 816 4856 17:
838 4800 951 4858 taurim
964 4797 999 4857 P.
1014 4796 1151 4858 Manlius
1167 4807 1290 4876 praetor
1310 4799 1435 4858 waram
1453 4805 1549 4857 aare

367 4916 388 4956 a
410 4894 446 4967 Q.
467 4896 613 4970 Minucio,
637 4901 684 4960 eata·
703 4907 892 4970 macerat,
915 4907 1044 4976 exepto,
1065 4900 1200 4958 adiuuata
1222 4907 1249 4958 at
1268 4895 1328 4975 Ap.
1354 4895 1462 4959 aava
1481 4894 1548 4957 Ne·

369 4999 447 5055 raaia
475 5015 509 5057 ae
532 4997 668 5059 ulteriore
691 4997 840 5074 Hispania
866 5002 1046 5059 usmaitans
1072 5003 1196 5059 exarata
1220 5007 1277 5060 eet.
1326 4997 1383 5071 33,
1401 4996 1458 5057 433
1483 5012 1550 5074 pas·

370 5112 500 5158 usmeta
521 5138 632 5159 ......
654 5096 689 5158 P.
711 5097 827 5158 Manlia
847 5100 879 5158 ta
899 5101 1058 5161 amtorem
1075 5099 1253 5179 Hispaniam
1274 5099 1403 5160 &aaut
1424 5107 1451 5159 et
1472 5094 1550 5174 lepis
