3480 5804
579 503 878 558 ossi-:avarionus
895 504 1013 557 amca.
1032 506 1082 557 vr.
1419 498 1489 569 129

163 677 227 736 suis
249 676 387 734 Postumi
409 674 583 733 concubinis
606 693 713 733 nomen
736 675 870 736 duxisse.
907 679 1070 752 Imperator
1091 679 1254 739 Antoninus
1272 682 1420 760 Augustas
1441 693 1493 766 qui

164 778 334 836 nominatur
355 797 383 835 v.
400 775 417 834 9
441 794 510 833 num
533 776 573 833 sit
593 775 668 833 Pius
690 794 728 833 an
751 777 873 836 Marcus
893 795 932 835 an
955 776 1113 837 Caracalla
1133 799 1171 838 an
1192 781 1391 860 Elagabalus,
1412 800 1495 850 certa

163 879 279 937 ratione
301 877 418 935 definiri
442 895 500 934 non
519 884 629 953 potest,
651 894 718 934 cum
734 895 810 954 quae
824 887 980 953 praeterea
993 879 1023 936 in
1039 880 1126 937 titulo
1140 881 1280 960 leguntur
1294 888 1425 947 omnium
1439 891 1494 949 ho·

163 998 230 1037 rum
245 979 372 1055 tempni
386 986 467 1036 recte
482 977 669 1035 conveniant.
685 1010 726 1020 -
748 975 864 1036 Cursus
886 978 1034 1038 honorum
1056 983 1131 1039 satis
1154 984 1311 1059 expeditus
1334 996 1389 1046 est.
1426 990 1494 1050 Tri-

164 1080 307 1138 bunatum
334 1079 495 1137 militarem
520 1077 683 1136 Postumus
709 1085 761 1135 aut
787 1078 887 1137 omisit
913 1088 966 1138 aut
990 1078 1158 1158 reticuit¹).
1202 1084 1279 1144 Post
1304 1098 1495 1162 quaesturam

165 1198 267 1238 curam
282 1178 417 1238 coloniae
432 1178 552 1236 Ardeae
573 1179 696 1255 accepit,
718 1197 796 1255 quae
818 1180 986 1238 curationes
1008 1200 1188 1258 quamquam
1211 1186 1388 1264 plerumque
1410 1210 1495 1266 prae-

165 1280 252 1340 toriis
273 1279 494 1357 permittuntur,
516 1297 577 1337 non
598 1279 738 1338 deficiunt
759 1280 898 1355 exempla
919 1289 986 1338 ante
1008 1290 1178 1357 praeturam
1200 1285 1384 1365 datarum²).
1428 1292 1495 1352 Tri·

166 1381 310 1439 baustum
330 1379 428 1457 plebis
451 1380 552 1438 omisit
573 1378 706 1437 adlectus
728 1379 805 1437 inter
826 1382 1003 1441 tribunicios
1026 1383 1064 1440 ab
1085 1384 1273 1460 imperatore.
1316 1388 1389 1448 Mox
1411 1402 1498 1469 gesta

165 1488 308 1557 praetura
328 1479 441 1556 legioni
455 1479 500 1537 vl
520 1479 659 1550 ferratae,
681 1498 758 1555 quae
779 1497 815 1538 eo
838 1489 971 1557 tempore
993 1483 1024 1540 in
1044 1484 1158 1542 Iudaea
1179 1494 1253 1557 erat,
1275 1487 1393 1565 legatus
1410 1511 1497 1569 prae·

165 1580 232 1639 fuit.
275 1580 339 1638 Iam
362 1597 434 1638 vero
460 1598 537 1657 quae
562 1589 726 1654 sequuntur
752 1579 844 1638 verba
870 1583 1003 1640 ordinato
1027 1587 1058 1640 in
1083 1583 1184 1643 Gallio
1207 1597 1239 1644 at
1258 1592 1383 1665 quinqua
1396 1595 1497 1666 saccea

165 1681 238 1758 quid
259 1680 435 1758 significent,
457 1679 669 1758 explicandum
691 1687 743 1738 est
781 1677 854 1740 Sine
875 1680 966 1740 dubio
987 1702 1048 1740 non
1070 1685 1126 1741 hoc
1149 1687 1319 1745 enuntiatur
1337 1689 1497 1767 imperato·

165 1800 229 1841 rem
251 1782 283 1840 iu
303 1779 407 1841 Gallia
428 1790 593 1840 morantem
614 1779 760 1839 Postumo
783 1798 891 1840 munus
913 1781 1036 1856 aliquod
1058 1784 1256 1860 impertivisse
1277 1806 1345 1847 cum
1367 1793 1499 1870 quinque

165 1883 292 1942 fascium
312 1882 378 1940 iuro
401 1882 607 1952 coniunctum,
635 1898 702 1938 cum
724 1881 870 1939 eiusmodi
892 1882 1097 1959 interpretatio
1119 1892 1149 1942 et
1169 1885 1319 1948 similibus
1340 1890 1498 1953 locutioni·

166 1983 224 2042 bus
246 1982 397 2042 contraria
418 1981 497 2058 sit³)
519 1989 549 2040 et
569 1983 638 2057 ipsa
659 1980 804 2052 absurda3
826 1999 923 2057 neque
945 1983 1023 2040 enim
1046 1984 1167 2044 adrem
1188 1988 1326 2062 pertinet,
1349 2000 1447 2052 utrum
1468 1997 1499 2054 in

169 2080 272 2143 Gallia
296 2101 335 2142 an
361 2084 393 2142 iu
414 2082 489 2142 urbe
508 2081 684 2141 beneficium
706 2081 745 2139 ab
767 2083 946 2157 imperatore
969 2084 1148 2143 conferatur.
1191 2086 1260 2146 Hoc
1281 2092 1380 2166 posito
1402 2097 1501 2170 sequi·

168 2191 218 2242 tur
233 2183 325 2242 verba
345 2182 382 2242 de
403 2183 513 2260 quibus
535 2183 653 2260 agimus
676 2200 736 2240 non
758 2181 966 2257 coniungenda
986 2201 1054 2242 esse
1076 2203 1143 2243 cum
1163 2185 1203 2245 iis
1224 2205 1301 2263 quae
1319 2195 1502 2265 praecedunt

164 2285 263 2361 praei.
284 2286 384 2343 cerari
402 2283 493 2350 milit..
515 2301 582 2341 cum
605 2300 641 2341 ea
661 2282 850 2359 praefectura
871 2283 902 2339 iu
924 2284 996 2342 urbe
1019 2284 1222 2344 administrari
1239 2287 1384 2363 debuerit,
1405 2296 1499 2355 multo

168 2383 268 2444 minus
293 2403 361 2443 cum
386 2384 425 2442 iis
451 2402 527 2460 quae
555 2391 721 2458 sequuntur
746 2382 783 2441 de
808 2381 958 2457 legatione
986 2384 1150 2459 legionario
1171 2386 1380 2450 administrata
1400 2394 1431 2452 in
1452 2397 1500 2453 Id·

169 2485 255 2558 daea,
277 2484 332 2544 sed
352 2501 488 2544 seorsum
509 2482 694 2559 accipienda,
715 2489 748 2540 ut
769 2483 936 2559 significent
954 2500 1062 2541 munus
1082 2484 1160 2542 inter
1177 2486 1360 2562 legationem
1374 2492 1502 2569 legionis

171 2592 202 2646 et
226 2585 443 2662 praefecturam
470 2584 579 2643 aerarii
603 2583 822 2660 interpositum.
865 2581 933 2642 Nec
953 2601 1062 2642 munus
1084 2584 1160 2642 illud
1180 2585 1269 2661 plane
1290 2587 1425 2664 ignotum
1446 2606 1501 2670 est,

172 2685 263 2745 immo
289 2695 360 2762 post
384 2704 433 2756 ea,
461 2682 539 2761 quae
564 2684 601 2742 de
627 2683 925 2760 quinquelascalibus
952 2684 1027 2751 olim
1051 2683 1194 2760 docui‘),
1220 2687 1277 2747 hoc
1297 2709 1390 2750 unum
1411 2711 1502 2770 quae·

171 2786 297 2846 randum
319 2792 465 2864 superest,
492 2791 592 2842 utrum
613 2783 827 2862 intellegantur
847 2784 906 2842 hoc
927 2783 993 2842 loco
1015 2784 1107 2861 legati
1127 2778 1258 2863 Augusti
1279 2791 1502 2864 provinciarum

172 2887 327 2964 praetorii,
348 2887 541 2963 magistratus
563 2904 596 2942 re
617 2893 696 2942 certe
717 2882 872 2956 ordinarii,
895 2902 934 2941 an
955 2883 1047 2961 legati
1062 2884 1194 2963 Augusti
1216 2897 1303 2948 extra
1322 2891 1455 2954 ordinem
1469 2896 1502 2956 in

172 2987 344 3066 provincias
370 2985 537 3046 senatorias
563 2984 664 3055 missi;
693 3003 763 3042 nam
790 2993 851 3042 tam
878 2983 938 3043 illis
959 3002 1049 3060 quam
1071 2984 1118 3042 bis
1140 2985 1271 3063 quinque
1291 2989 1390 3051 fasces
1411 2995 1503 3056 tribui

173 3089 319 3148 solebant.
362 3085 490 3146 Videtur
517 3092 616 3144 autem
637 3085 801 3144 Postumus
827 3103 866 3143 ex
891 3086 948 3143 hoc
974 3101 1082 3160 genere
1107 3087 1203 3162 megia
1229 3087 1324 3149 fuisse
1351 3111 1441 3168 quam
1462 3116 1503 3156 ex

173 3189 236 3248 illo.
271 3187 353 3248 Nam
372 3188 490 3264 legatus
505 3186 637 3262 Augusti
658 3186 722 3244 sive
744 3185 1000 3261 quinqueiascalis
1017 3185 1188 3261 provinciae
1202 3185 1415 3266 Lugdunensis
1429 3197 1503 3255 mire

173 3289 322 3349 diceretur
350 3289 500 3348 ordirentur
521 3290 552 3344 in
576 3284 677 3346 Gallia
698 3286 740 3343 ad
759 3289 883 3361 quinque
897 3286 1012 3357 faecem
1039 3293 1145 3343 contra
1170 3304 1207 3344 ea
1227 3289 1407 3364 significatio
1429 3299 1503 3356 satis

174 3398 312 3450 accurate
338 3388 501 3466 respondet
525 3385 663 3447 Graecas
691 3379 760 3468 npo'e
788 3375 868 3439 πέντε
895 3375 1028 3463 ῥάβδους
1055 3375 1203 3458 πεμφθεὶς
1230 3386 1269 3445 ar'e
1298 3385 1502 3471 serberiam).

174 3490 282 3568 Itaque
308 3489 377 3548 talis
405 3488 538 3549 muneris
566 3487 695 3564 primum
723 3483 894 3561 exemplam
920 3482 1029 3543 Latine
1055 3483 1201 3560 seriptum
1225 3487 1330 3547 titulus
1356 3488 1503 3553 Cirtensis

175 3589 390 3650 subministrat.

253 3780 276 3843 ¹)
306 3780 346 3832 cf.
361 3777 519 3832 Staatrrecltt
533 3782 557 3842 1,
572 3780 635 3831 449.
672 3778 755 3830 Omlsi
773 3778 809 3828 ibi
829 3779 914 3828 locum
933 3777 1000 3827 vitae
1014 3777 1103 3830 Severi
1122 3792 1144 3828 c.
1159 3780 1175 3828 2
1195 3793 1277 3845 nuper
1295 3784 1397 3848 egregie
1416 3799 1503 3838 emen.

176 3872 264 3924 mun
276 3871 309 3922 ab
321 3871 496 3922 Himcbteldio
514 3869 633 3931 (Hermes
642 3871 668 3932 3,
679 3868 752 3932 230),
771 3869 816 3919 ubi
829 3875 949 3920 sanatur
961 3869 1085 3921 Severum
1098 3877 1261 3934 quaesturam
1274 3875 1402 3939 accepisse
1414 3878 1504 3929 ont'rao

177 3961 305 4014 situnne
322 3961 438 4013 militari.

253 4051 278 4115 ²)
306 4053 413 4105 lienam
431 4053 458 4102 in
477 4066 538 4102 ann.
558 4052 617 4102 inat.
637 4051 707 4102 arch.
729 4051 808 4112 1851,
829 4051 872 4102 25.

254 4141 280 4205 ⁸)
307 4144 432 4208 Intellego
450 4142 552 4192 titulum
565 4141 646 4193 Orell.
661 4141 732 4192 3456
747 4159 781 4182 =
794 4138 864 4190 Ball.
878 4133 937 4190 dett
952 4138 1016 4189 Inrt.
1031 4139 1102 4190 1345
1115 4156 1141 4205 p.
1153 4141 1205 4191 137
1224 4141 1268 4203 (ct
1280 4145 1376 4196 lbidem
1389 4163 1415 4212 p.
1427 4150 1504 4211 lam:

179 4231 238 4286 Sca.
257 4233 346 4284 Actrio
431 4230 526 4283 Feroci
545 4233 686 4283 centurioni
708 4231 834 4298 loquoris)
852 4228 887 4280 II
906 4228 1035 4280 Traianae
1050 4228 1146 4294 sortia.-
1170 4228 1229 4281 nuic
1246 4235 1332 4298 prino
1353 4239 1458 4288 omnium
1476 4254 1507 4290 a

179 4323 370 4387 comicaAario)
386 4323 535 4392 prceflecta')
554 4322 678 4390 rigidum)
692 4323 751 4389 imp.
767 4318 862 4372 Caesar
874 4320 1016 4370 Antoninus
1028 4320 1095 4386 Aug.
1108 4318 1173 4369 Piae
1184 4336 1215 4387 p.
1228 4337 1258 4388 p.
1272 4323 1383 4376 ordinem
1394 4325 1506 4378 Alexan.

180 4414 253 4466 driae
271 4413 348 4466 dedit.
385 4415 515 4466 Nimirum
536 4414 664 4478 legionem
688 4414 759 4462 illam
778 4419 868 4462 notum
886 4419 925 4462 est
943 4412 1086 4461 constitisse
1104 4411 1289 4463 Alexandriae.
1327 4415 1507 4469 conferendus

158 4513 220 4584 ‘ast
238 4507 314 4557 etiam
333 4507 422 4556 titulus
439 4505 556 4556 Henzeni
575 4520 601 4555 n.
616 4504 702 4555 6773:
723 4518 754 4553 ec
772 4502 820 4568 lep.
839 4499 894 4552 VII
912 4498 951 4552 01.
970 4499 1103 4552 ordinatur
1119 4506 1133 4548 7
1152 4503 1179 4552 in
1199 4502 1246 4569 lep.
1267 4502 1333 4557 1111
1347 4504 1416 4573 Scyt.
1435 4510 1506 4560 simi·

180 4597 268 4664 lesqua
286 4613 312 4647 na
326 4596 406 4647 6772.
420 4596 500 4647 0774.
884 4612 887 4617 ’

257 4685 282 4750 ⁴)
309 4684 426 4739 Bericdte
444 4685 490 4738 der
507 4683 590 4736 adona.
612 4681 747 4736 Gerellacd.
769 4683 839 4734 1002
859 4698 885 4747 p.
900 4683 962 4732 227.
995 4678 1154 4732 Staatsreclrt
1174 4685 1198 4746 1,
1213 4683 1276 4735 308.

257 4775 282 4839 ⁸)
310 4777 436 4831 elur.
455 4777 537 4829 4033.
556 4776 637 4828 4034.
675 4773 800 4828 Similiter
818 4773 871 4823 Dio
891 4773 998 4834 57,17:
1017 4773 1073 4829 anic
1091 4767 1115 4820 tr
1133 4764 1371 4844 rfi’Aripna'l'rer
1389 4770 1509 4837 calasini

182 4864 227 4918 acii
249 4864 357 4938 σεισμοῦ
376 4862 544 4928 κακωθείσας
568 4856 627 4935 ainip
651 4853 834 4933 Ιστρατηγηκῶς
851 4850 897 4914 aab
914 4857 984 4913 nim
1004 4850 1161 4934 ῥαβδοῦχοις
1177 4855 1358 4937 προσετάχθη.
1396 4869 1438 4921 ef,
1457 4871 1509 4923 Τ..

183 4959 248 5013 cttm
265 4971 327 5013 aun.
345 4960 372 5024 2,
391 4961 433 5012 17.
