3480 5804
617 502 915 557 ossuavsrrouus
932 505 1050 557 unser.
1070 505 1123 556 ιιι.
1483 488 1529 559 69

310 675 346 724 ab
364 676 447 725 altero
469 676 562 725 latere:

356 799 475 816 .....
492 763 496 831 Ι
518 766 633 816 libertos.
653 774 679 815 et
697 781 793 817 servor.
809 764 815 830 Ι
831 767 923 818 domus
942 767 1044 833 August
1063 766 1068 832 Ι
1090 770 1153 834 imp.
1173 769 1248 820 Caes.
1268 770 1323 820 Titi
1341 770 1394 821 diri
1409 767 1413 834 Ι
1431 771 1529 837 Vespa·

354 856 423 906 sisui
441 856 460 905 t.
480 857 549 920 Aug.
565 851 570 919 Ι
587 857 615 906 in
633 892 641 906 .
662 892 669 906 .
687 891 694 906 .
714 873 732 906 n
752 892 759 906 .
778 892 786 907 .
805 858 833 907 ui
852 857 996 924 (aequantia
1013 860 1114 909 nomino
1132 859 1313 927 septendecim).

313 944 388 996 Grut.
409 949 452 1008 10,
473 947 488 996 5
506 938 627 998 ‘Grutero
647 947 831 999 Gutenstenius
849 950 893 1013 qui
911 949 975 998 uidit
992 947 1194 1015 exscripsirque‘.

202 1037 324 1099 Primae
355 1041 484 1100 honores
513 1043 719 1118 honorumque
746 1045 918 1104 iterationes
945 1053 1006 1102 tam
1032 1045 1121 1103 facile
1152 1045 1330 1122 explanabis
1357 1064 1446 1122 quam
1470 1044 1530 1106 Ge·

202 1140 291 1215 ryoni
319 1141 439 1218 aptabis
465 1150 601 1217 petasum
608 1164 617 1214 3
646 1143 677 1201 in
704 1142 835 1202 secunda
855 1145 1052 1221 imperatores
1079 1155 1141 1205 tres
1167 1147 1360 1206 intemeratae
1384 1145 1532 1205 Christia-

201 1238 305 1298 nitatis
327 1243 506 1318 signumque
520 1243 663 1302 Herculis
678 1243 801 1303 victoris
823 1244 912 1303 simul
933 1245 1091 1321 splendent
1111 1256 1262 1323 tamquam
1284 1247 1315 1305 in
1329 1247 1433 1307 eodem
1446 1246 1532 1305 eaelo

203 1336 258 1399 Sol
280 1347 310 1399 et
323 1339 425 1414 Luna3
448 1343 536 1401 tertia
551 1343 680 1419 denique
694 1363 808 1402 merum
823 1345 999 1403 miraculum
1014 1355 1060 1403 est
1074 1363 1244 1422 proponens
1258 1346 1290 1404 in
1305 1346 1408 1404 eadem
1423 1363 1533 1406 scaena

202 1438 400 1517 imperatores
427 1443 530 1502 Titum
558 1453 588 1501 et
608 1443 706 1501 Pium.
750 1442 895 1517 Quartam
915 1446 1047 1522 reperies
1069 1456 1099 1504 et
1120 1446 1356 1522 praescriptione
1377 1453 1407 1505 et
1427 1446 1532 1504 absur-

203 1538 297 1599 ditate
323 1561 427 1619 parem
454 1543 540 1603 Grut.
566 1546 655 1616 1014,
678 1544 707 1602 6.
750 1545 912 1604 Praeterea
933 1546 1000 1604 ride
1025 1545 1098 1604 milri
1119 1545 1271 1604 hominem
1299 1545 1454 1616 callidum,
1480 1545 1534 1621 qui

202 1639 376 1718 importuno
403 1645 500 1704 amieo
524 1646 562 1704 de
588 1645 683 1703 titulis
709 1645 776 1704 istis
802 1646 964 1722 aliquando
991 1645 1155 1705 sciscitanti
1176 1663 1377 1722 responsurus
1404 1645 1445 1704 sit
1469 1650 1533 1702 tum

202 1758 257 1800 eos
278 1741 376 1802 denuo
396 1744 496 1805 visum
515 1745 552 1802 iri
574 1763 643 1805 cunr
663 1752 732 1803 ruat
751 1746 880 1804 basilica
900 1743 932 1805 S.
955 1745 1048 1804 Petri.
1090 1743 1170 1805 Saue
1192 1763 1248 1803 nos
1269 1764 1390 1822 quoque
1411 1762 1533 1822 persua·

203 1858 272 1900 sum
293 1843 438 1903 babemus
460 1853 549 1904 antea
569 1853 648 1903 certe
670 1845 818 1904 neminem
841 1862 893 1903 eos
915 1846 1046 1904 risurum
1068 1863 1146 1904 esse.

288 1941 316 2000 2.
349 1945 435 2003 Inter
455 1963 500 2016 ea,
526 1964 603 2021 quae
623 1965 664 2004 ex
685 1945 867 2004 Metellianis
889 1944 1048 2021 desumpta
1068 1944 1287 2005 Gutenstenius
1311 1944 1441 2005 Grutero
1463 1944 1534 2003 sub-

204 2041 297 2115 misit,
318 2062 379 2104 non
400 2046 496 2104 multa
517 2056 596 2119 sunt,
623 2046 705 2122 quod
732 2045 853 2120 quidem
879 2045 971 2104 sciam
999 2045 1081 2121 (nam
1107 2047 1222 2104 urbana
1243 2046 1362 2121 aliaque
1382 2045 1536 2120 complura

204 2144 246 2203 ibi
274 2144 371 2204 relata
396 2146 534 2221 equidem
559 2165 615 2223 pro
642 2146 701 2204 mei
727 2146 818 2205 officii
849 2145 959 2204 tinibus
986 2164 1047 2203 non
1073 2145 1111 2203 ad
1138 2146 1281 2204 amussim
1308 2145 1534 2222 pervestigari),

204 2262 284 2321 quae
303 2245 428 2305 redeant
448 2247 479 2304 in
508 2247 688 2305 Metelliauis
709 2247 748 2305 iis
774 2264 851 2321 quae
877 2245 967 2304 hodie
994 2255 1164 2320 supersunt.
1208 2243 1269 2305 Sed
1289 2246 1346 2303 hoo
1366 2263 1426 2304 non
1447 2261 1536 2321 urge·

205 2364 283 2418 mus,
304 2363 372 2404 cum
394 2347 459 2407 lieri
477 2348 617 2424 potuerit,
639 2354 672 2404 ut
684 2355 756 2423 post
770 2344 1001 2406 Gutensteuium
1016 2362 1087 2421 pars
1102 2345 1343 2403 Metellianorum
1356 2361 1429 2402 casu
1444 2345 1535 2402 inter·

204 2445 282 2505 ierit
318 2448 360 2505 At
379 2465 417 2505 ex
440 2447 477 2505 iis
499 2466 576 2523 quae
597 2447 641 2504 ibi
661 2446 796 2517 redeunt,
819 2445 1020 2522 suspicionem
1042 2445 1156 2503 fraudis
1178 2453 1299 2502 movent
1319 2452 1399 2502 certe
1415 2443 1534 2502 Brixia·

205 2564 261 2606 nae
282 2546 359 2605 duae
381 2566 400 2605 a
414 2545 613 2606 Gntenstenio
635 2565 674 2604 ex
696 2546 879 2605 Metellianis
894 2545 1060 2621 descriptae
1076 2542 1217 2603 Grutero.
1253 2543 1333 2603 Nam
1347 2543 1536 2620 reperiuntur

204 2646 327 2724 quidem
347 2648 380 2706 in
400 2648 578 2725 corporibus
593 2647 748 2705 Brixianis
763 2645 878 2704 duobus
896 2645 1025 2704 servatis
1040 2644 1137 2703 adhuc
1150 2645 1227 2702 inter
1241 2644 1415 2703 Metelliana
1428 2642 1535 2702 biblio·

205 2747 310 2807 thecae
320 2747 501 2818 Vaticanus,
513 2747 569 2806 sed
589 2756 623 2806 ut
643 2749 674 2805 iu
695 2747 744 2805 his
765 2747 904 2824 legantur
924 2747 1127 2816 intemeratae,
1148 2744 1229 2820 apud
1245 2743 1410 2805 Gruterum
1430 2748 1535 2802 auctae

205 2847 419 2908 additamentis
440 2848 537 2906 falsis.
580 2846 747 2922 Utramque
769 2846 945 2924 subscripsi.

307 2967 410 3019 Ibidem
429 2967 534 3032 (legitur
551 2969 579 3017 iu
591 2983 691 3018 summo
704 2959 886 3028 iolio'Burai',
961 2965 1043 3016 Burni
1061 2972 1136 3015 extra
1154 2965 1279 3016 Brixiam.

309 3057 356 3109 ssd
371 3049 482 3108 ‘ibidem'
502 3059 568 3108 illud
586 3059 697 3123 pertinet
715 3058 748 3107 sd
772 3058 800 3108 id
817 3058 887 3122 quod

309 3150 429 3213 proxime
448 3149 580 3215 praecedit
594 3139 630 3198 ‘in
649 3149 766 3199 Faustini
785 3163 888 3199 monas-

310 3230 402 3300 terlo’).
548 3239 684 3289 Minervae

561 3330 667 3393 August
1290 3381 1296 3393 ·

524 3419 588 3471 Sex.
607 3419 709 3482 Dugius
1128 3381 1328 3502 ὃθῐὺιῐίθιιιιιιιιιιιι

526 3509 648 3559 Valentio
667 3509 707 3558 VI
1134 3526 1175 3574 VI
1192 3525 1233 3573 vi„
1250 3525 1320 3586 Aug,

525 3599 566 3648 vir
638 3600 708 3662 Aug.
1191 3597 1217 3646 d.
1238 3596 1264 3645 d.

310 3690 430 3742 lletellus
441 3689 499 3741 cod.
512 3691 573 3739 Vnt
587 3689 690 3739 60391.
705 3686 773 3738 403'.
791 3687 884 3738 Paullo
958 3687 1033 3738 Grut.
1059 3688 1102 3748 31,
1129 3687 1145 3737 5
1172 3677 1214 3736 ‘ex
1240 3699 1288 3735 ms.
1312 3682 1412 3734 Metelli
1437 3681 1534 3733 (intan-

365 3785 467 3835 diverse
484 3784 542 3834 eod.
560 3785 622 3834 Vnt
642 3783 713 3833 6033
733 3783 752 3832 i.
773 3782 834 3832 154.
1014 3771 1128 3829 stenius'.

311 3937 420 3989 Ibidem.
1111 3929 1195 3978 Extra
1212 3927 1339 3976 Brixiam.

571 4008 596 4057 d.
647 4023 682 4057 m.

515 4098 572 4149 Pan
681 4098 736 4146 tino
1108 4091 1165 4141 Pan
1190 4104 1270 4146 atses-
1294 4089 1350 4139 tino

531 4194 572 4237 ret
607 4202 650 4242 soe
676 4188 742 4236 iasio
1116 4181 1166 4230 reti
1189 4196 1271 4237 presse
1296 4180 1352 4228 ario

496 4281 539 4344 qui
548 4281 573 4328 vi
591 4284 664 4335 tasas
681 4277 721 4326 xit
730 4291 764 4327 sn
1081 4272 1126 4336 qui
1139 4272 1165 4319 vl
1186 4272 1219 4308 ‘⁸‘
1233 4267 1275 4306 'in'
1296 4269 1336 4318 xit
1347 4282 1382 4317 an

524 4385 573 4419 nos
680 4368 778 4418 XXIII
1116 4375 1165 4410 nos
1195 4348 1269 4398 ‘W
1296 4357 1393 4408 XXIII

477 4461 575 4511 m.1111
682 4459 754 4507 natio
1097 4467 1131 4500 m.
1150 4451 1208 4500 IIII
1243 4449 1269 4498 d.
1313 4447 1367 4496 vn

522 4551 594 4614 Fryx
616 4563 717 4614 pugnes
1148 4541 1219 4588 natio
1243 4540 1316 4602 Fryx

502 4657 547 4690 um
571 4642 596 4690 V
621 4641 737 4703 Ingenua
1106 4651 1121 4675 s
1153 4644 1261 4693 pugnas.
1284 4627 1310 4676 V

511 4731 598 4796 posuit
627 4728 729 4793 coniugi
1088 4720 1205 4784 Ingenua
1222 4718 1309 4782 posuit
1327 4730 1376 4766 con

512 4820 577 4870 karo
596 4835 653 4870 cum
673 4834 724 4883 qno
1053 4810 1108 4874 iugi
1125 4810 1190 4860 karo
1209 4824 1267 4860 eum
1286 4823 1337 4872 quo
1356 4807 1409 4855 vix.

504 4912 570 4961 vixit
582 4910 737 4960 an.Vm.II
1080 4914 1122 4950 sn.
1140 4901 1166 4950 V
1185 4916 1219 4950 m.
1238 4900 1267 4950 II
1286 4898 1312 4947 d.
1331 4896 1384 4948 vn

313 5005 434 5058 Metellus
451 5003 510 5054 cod.
523 5003 583 5054 Vnt.
598 5000 668 5050 6039
682 4999 702 5048 i.
716 4999 779 5050 405.
797 4997 890 5049 Paullo
962 4992 1037 5045 Grut.
1058 4991 1120 5053 333,
1135 4992 1152 5042 3
1168 4981 1361 5043 ‘Gutsmtenius
1379 5000 1394 5036 e
1413 4982 1469 5036 cod.
1490 4996 1537 5032 ms.

368 5095 470 5146 dissum
488 5093 546 5145 cod.
565 5092 637 5143 3038
656 5089 676 5141 l.
692 5089 753 5141 158.
1025 5073 1141 5135 usuut'.
