3480 5804
290 471 360 541 104
845 482 1044 536 tvuununs

285 661 353 720 inde
379 659 474 716 altera
499 666 598 715 castra
622 656 799 732 legionario,
827 657 922 714 altera
942 658 1078 732 reliquae
1099 654 1224 714 militiae
1246 654 1340 713 fuisse
1363 652 1440 711 effici
1461 652 1610 721 ridentum

285 779 340 819 nec
362 779 434 818 vero
461 760 574 831 obstat,
601 758 681 834 quod
702 776 792 834 saepe
814 758 933 835 singula
952 764 1066 816 tantum
1088 757 1286 832 reperiuntur,
1312 773 1379 812 cum
1401 753 1520 812 tabulae
1541 753 1612 811 illae

286 862 360 920 alibi
380 878 499 936 quoque
520 861 635 936 passim
656 858 809 917 omiserint
829 858 962 930 castella,
984 875 1062 933 quae
1083 858 1114 915 in
1134 856 1280 914 laterculo
1302 855 1455 930 copiarum
1471 854 1613 912 exhiben-

285 968 344 1019 tur.
387 961 491 1019 Titulo
517 970 616 1018 autem
641 977 735 1035 supra
760 959 855 1017 relato
883 979 912 1016 n.
930 959 967 1017 14
993 958 1101 1017 aetatis
1122 957 1347 1034 Philippianae,
1374 955 1424 1013 ubi
1446 955 1613 1030 praefectus

260 1061 353 1120 ·alae
376 1061 558 1137 praefectum
579 1061 708 1137 legionis
730 1059 834 1118 ducem
855 1059 1119 1135 praepositumque
1139 1065 1237 1129 vocat,
1259 1076 1319 1115 non
1340 1056 1430 1114 nimis
1448 1057 1612 1127 tribuerim,

193 1168 199 1175 '
286 1181 383 1238 neque
404 1163 473 1220 inde
492 1161 540 1219 vel
562 1161 683 1238 saepius
700 1162 747 1219 vel
767 1162 943 1238 plerumque
964 1160 1132 1235 praefectos
1153 1159 1280 1234 legionis
1302 1157 1396 1234 copiis
1417 1157 1614 1216 auxiliaribus

288 1262 452 1339 imperasse
475 1262 680 1321 concluserim.

849 1399 1052 1407 ..——-—--

371 1565 507 1624 Instituit
526 1565 618 1641 igitur
638 1575 804 1623 castrorum
825 1565 1055 1641 legionariorum
1069 1563 1297 1640 praefecturam,
1318 1579 1407 1638 quam
1422 1562 1503 1621 omni
1518 1568 1615 1621 aetate

289 1667 425 1724 homines
446 1667 676 1725 inferiore‘loco
698 1667 840 1725 oriundos
862 1667 996 1742 gessisse
1017 1665 1297 1734 demonstravimus,
1318 1664 1475 1739 Augustus
1494 1663 1616 1739 duplici,

289 1767 405 1842 opinor,
431 1785 522 1825 causa
549 1775 664 1840 motus,
691 1768 786 1826 altera
810 1767 934 1825 militari
956 1799 995 1810 -—
1018 1765 1132 1824 ordinis
1153 1764 1232 1823 enim
1254 1764 1396 1823 senatorii
1418 1773 1449 1822 et
1469 1764 1616 1840 equestris

289 1866 425 1925 homines
454 1887 521 1925 cum
544 1868 576 1925 in
602 1868 700 1944 caliga
725 1867 872 1943 stipendia
898 1868 1019 1925 omnino
1048 1883 1108 1924 non
1136 1865 1281 1937 facerent,
1309 1865 1363 1922 sed
1389 1884 1408 1923 a
1432 1864 1617 1940 praefectura

289 1968 421 2026 cohortis
444 1969 654 2043 tribunatuque
675 1968 804 2027 militum
826 1969 962 2026 militiam
983 1966 1217 2043 ingrederentur,
1240 1966 1304 2023 sine
1325 1966 1416 2024 dubio
1433 1965 1617 2042 legionariae

290 2068 415 2127 militiae
443 2075 583 2126 accurata
609 2069 734 2127 scientia
760 2069 935 2144 plerumque
961 2069 1117 2138 carebant3
1146 2067 1241 2125 altera
1269 2066 1359 2124 civili.
1402 2066 1617 2124 Administrari

290 2169 369 2226 enim
392 2171 545 2244 tenerique
566 2169 733 2246 imperium,
758 2170 848 2245 quale
869 2170 925 2227 fuit
945 2151 1124 2240 Romanum,
1146 2187 1207 2226 non
1228 2167 1327 2244 potuit
1345 2167 1404 2225 nisi
1426 2184 1536 2245 magna
1557 2166 1616 2224 sin·

289 2270 370 2344 gulis
392 2270 617 2345 magistratibus
636 2287 780 2329 concessa
800 2277 959 2346 potestate:
982 2270 1058 2328 lines
1079 2268 1198 2344 imperii
1212 2267 1299 2338 tueri,
1321 2277 1415 2325 terras
1430 2267 1618 2344 populosque

291 2369 324 2427 in
351 2369 467 2429 dicione
494 2370 598 2447 populi
623 2369 751 2429 Romani
777 2372 905 2429 retinere
930 2369 1085 2448 praesides
1111 2368 1330 2447 provinciarum
1358 2368 1533 2443 nequibant,
1560 2369 1619 2428 nisi

290 2469 441 2528 exercitus
472 2489 597 2546 magnos
624 2479 806 2547 paratosque
834 2472 978 2531 haberent
1004 2472 1083 2529 dicto
1110 2470 1273 2528 audientes.
1322 2468 1370 2526 Ab
1397 2469 1492 2527 altera
1519 2479 1618 2528 autem

290 2578 377 2645 parte
399 2571 564 2629 cavendum
587 2579 660 2644 erat,
682 2591 720 2630 ne
741 2574 933 2635 abuterentur
953 2573 1089 2648 potentia
1109 2588 1174 2641 sua,
1195 2570 1247 2646 qui
1265 2570 1361 2646 copiis
1376 2580 1406 2628 ct
1420 2571 1619 2646 cuiuscunque

289 2671 408 2746 generis
430 2672 538 2747 opibus
560 2673 651 2731 tantis
673 2673 799 2749 praediti
821 2683 936 2732 essent:
959 2691 1035 2748 quac
1055 2673 1169 2730 illicere
1190 2671 1338 2730 debebant
1352 2678 1382 2729 et
1395 2691 1427 2729 re
1441 2691 1514 2729 vera
1527 2689 1619 2748 saepe

289 2770 452 2830 illexerunt
472 2773 609 2831 homines
630 2773 818 2843 ambitiosos,
841 2782 873 2831 ut
893 2793 992 2831 rerum
1011 2773 1100 2850 potiri
1114 2780 1302 2831 conarentur.
1339 2770 1424 2831 Haec
1438 2782 1502 2832 erat
1515 2791 1618 2845 causa,

291 2889 345 2928 cur
364 2872 523 2947 Augustus
547 2872 717 2948 legionibus
743 2873 871 2949 singulis
892 2874 1008 2951 legatos
1030 2881 1242 2950 praeponeret,
1269 2872 1320 2949 qui
1341 2873 1530 2949 praesidibus
1551 2893 1618 2950 pro-

291 2971 456 3039 vinciarum
477 2973 632 3031 obedirent
652 2973 783 3048 quidem,
804 2974 858 3031 scd
879 2974 969 3032 iidem
990 2973 1051 3032 illis
1072 2992 1161 3050 pares
1183 2982 1285 3034 essent
1303 2974 1469 3050 vigilesque
1490 2976 1618 3034 exsiste·

290 3078 370 3141 rent,
396 3071 422 3129 si
447 3072 566 3148 quando
593 3091 688 3132 novas
715 3092 764 3133 res
793 3074 892 3132 moliri
918 3074 1037 3132 vellent.
1081 3073 1143 3135 Sed
1168 3074 1260 3151 legati
1286 3083 1316 3132 et
1341 3075 1563 3150 provinciarum
1588 3087 1619 3135 et

290 3170 442 3246 legionum
464 3190 567 3232 omncs
589 3181 674 3233 erant
693 3175 834 3233 senatorii
856 3175 983 3233 ordinis:
1006 3175 1078 3251 quid
1100 3176 1127 3234 si
1149 3174 1269 3252 quando
1284 3184 1405 3234 senatus
1418 3185 1550 3236 veterem
1565 3195 1620 3253 po·

290 3277 428 3329 testatem
454 3293 631 3350 recuperare
657 3276 834 3334 moliebatur
859 3294 915 3334 nec
939 3275 1000 3333 iam
1026 3276 1063 3334 de
1090 3294 1127 3334 eo
1152 3275 1315 3336 discrimen
1336 3287 1415 3350 erat,
1436 3278 1503 3355 quis
1524 3278 1619 3355 impe·

290 3381 386 3443 reret,
413 3374 466 3432 sed
492 3392 552 3450 qua
577 3376 675 3435 forma
700 3376 869 3454 respublica
892 3377 1064 3455 regeretur?
1108 3374 1301 3454 Quantopere
1322 3387 1421 3436 autem
1442 3379 1619 3455 posterioris

290 3471 381 3531 etiam
403 3470 520 3534 acutis·
532 3476 728 3554 imperatores
753 3478 845 3537 diffisi
868 3477 929 3538 sint
949 3480 1077 3551 senatui,
1100 3486 1133 3538 ut
1153 3487 1330 3556 potestatem
1352 3479 1417 3539 eius
1438 3480 1534 3556 magis
1557 3499 1618 3539 ma·

289 3573 397 3649 gisque
417 3575 622 3654 infringerent,
644 3579 737 3654 probe
758 3579 816 3638 seit
836 3579 888 3654 qui
909 3580 1015 3638 aetatis
1036 3579 1244 3657 imperatoriae
1266 3579 1423 3639 historiam
1442 3582 1535 3639 novit.
1578 3580 1621 3641 Ut

289 3673 383 3750 igitur
407 3685 526 3752 praeter
552 3678 668 3756 legatos
695 3690 903 3755 procuratores
928 3682 959 3738 in
984 3680 1156 3756 provincias
1177 3680 1255 3738 mitti
1277 3680 1373 3739 voluit
1393 3680 1549 3759 Augustus
1571 3683 1620 3740 vel

290 3774 400 3833 domus
425 3776 635 3852 imperatoriae
662 3778 785 3837 libertos
812 3780 860 3838 vel
887 3780 1037 3856 equestris
1064 3780 1178 3838 ordinis
1205 3781 1358 3852 homines,
1387 3782 1430 3840 ita
1454 3781 1485 3841 in
1512 3784 1619 3842 castris

291 3893 412 3952 quoquc
432 3878 587 3936 constituit
608 3887 641 3936 ut
661 3879 747 3937 iuxta
767 3880 896 3957 legatum
919 3879 1088 3955 praefectus
1110 3880 1223 3940 ordinis
1244 3881 1393 3941 inferioris
1412 3882 1511 3941 locum
1528 3884 1619 3943 habe·

292 3984 351 4046 ret,
376 3976 468 4054 longa
495 3978 603 4036 militia
627 3978 821 4055 imperatorio
841 3980 955 4038 nomini
981 3981 1099 4039 iunctus
1124 3980 1319 4057 devotusque.
1365 3980 1424 4056 Qui
1449 3984 1619 4059 praefectus

291 4074 460 4152 appellatus
481 4088 528 4136 est
545 4081 706 4155 prorrscctus
728 4090 900 4146 castrorum
926 4099 981 4139 nee
1001 4082 1122 4140 saeculo
1144 4082 1240 4158 primo
1262 4080 1331 4140 addi
1354 4083 1471 4143 solebat
1492 4085 1619 4162 legionis

290 4194 408 4249 nornen,
430 4196 497 4236 cum
518 4197 610 4256 saepe
632 4180 800 4258 complures
820 4182 954 4260 legiones
976 4181 1083 4241 iisdem
1104 4183 1212 4242 castris
1235 4189 1421 4255 tenerentur;
1444 4185 1512 4244 addi
1531 4204 1618 4263 coep-

292 4286 353 4335 tum
375 4288 435 4351 est,
460 4289 618 4357 postquam
639 4281 832 4341 Domitianus
855 4301 911 4342 sua
931 4301 1079 4360 quamque
1100 4284 1248 4362 legionem
1271 4291 1371 4343 castra
1391 4285 1500 4344 habere
1521 4286 1620 4357 iussit,

291 4397 422 4455 moxque
443 4381 486 4438 ita
506 4382 644 4454 obtinuit,
665 4390 699 4439 ut
720 4399 777 4440 usu
798 4382 973 4458 quotidiano
996 4401 1086 4460 saepe
1108 4396 1267 4445 ceruorum
1282 4385 1402 4460 quidem
1417 4388 1539 4445 verbum
1555 4387 1619 4445 brc-

292 4479 393 4537 vitatis
416 4499 508 4539 causa
528 4482 743 4558 neglegeretur,
765 4483 844 4561 legio
865 4494 964 4543 tamen
986 4492 1019 4543 ut
1039 4484 1070 4542 in
1092 4486 1244 4544 tribunatu
1265 4485 1391 4546 militum
1413 4486 1465 4545 vix
1487 4506 1620 4563 unquam

292 4580 486 4639 omitteretur.
531 4580 627 4655 Quem
654 4601 740 4643 usum
767 4583 931 4662 Septimius
958 4583 1089 4647 Severus
1116 4586 1217 4645 sanxit
1240 4586 1466 4664 legitimumque
1492 4587 1620 4645 reddidit

291 4698 399 4738 nomen
418 4683 559 4756 praefecti
581 4686 708 4760 legionis,
729 4685 858 4745 fortasse
879 4693 1027 4762 potestate
1048 4704 1169 4764 quoque
1190 4687 1426 4763 muneribusque
1441 4686 1506 4745 eius
1521 4686 1618 4744 auctis

291 4779 349 4850 ita,
378 4787 412 4838 ut
438 4800 514 4856 quae
534 4784 686 4860 praefecto
707 4784 829 4845 adderet
850 4785 981 4846 demeret
1000 4787 1109 4864 legato.
1152 4786 1209 4846 Est
1229 4786 1309 4847 enim
1331 4795 1435 4845 notum
1455 4784 1517 4843 iam
1539 4786 1619 4845 bunc

291 4877 500 4953 imperatorem
522 4900 643 4960 quoquo
663 4885 753 4945 modo
774 4887 915 4945 senatorii
936 4887 1051 4946 ordinis
1073 4893 1251 4962 potestatem
1272 4886 1469 4945 imminuisse.
1516 4887 1618 4961 Atque

291 4977 361 5037 inde
381 4979 510 5041 fortasse
532 4984 741 5061 explicandum
763 4993 818 5058 est,
843 4987 924 5063 quod
945 5006 1012 5046 cum
1033 4987 1201 5065 praefectus
1222 4986 1343 5047 saeculo
1358 4985 1373 5045 l
1387 4995 1417 5044 et
1431 4985 1463 5045 II
1485 4986 1617 5046 cornicu-
