3480 5804
212 507 288 579 244
731 520 1010 576 permaneatur

210 698 242 758 iu
257 696 483 757 desuetudinem
501 695 631 766 venisse,
652 695 749 755 solum
769 695 947 755 vocabulum
968 693 1126 767 mansisse,
1148 693 1192 751 ita
1212 702 1246 752 ut
1259 690 1396 753 Graecos
1419 710 1494 752 cum
1516 690 1551 752 id

212 816 269 857 sua
289 798 424 875 ipsorum
443 797 547 872 lingua
567 796 734 873 exprimere
750 795 913 867 studerent,
936 814 1038 853 veram
1058 793 1121 852 eius
1135 793 1196 852 vim
1210 812 1270 852 non
1291 802 1452 853 assecutos
1473 810 1549 855 esse

211 898 275 959 ueri
295 897 442 957 dissimile
462 915 522 955 nou
544 896 628 973 sit¹),
649 897 827 973 praesertim
848 914 916 955 cum
931 894 1056 953 duorum
1077 894 1204 952 aliorum
1219 894 1374 953 titulorum
1396 892 1549 971 exemplo

210 999 434 1076 comprobetur,
461 998 493 1055 in
514 999 569 1056 lae
593 1015 626 1055 re
653 1015 713 1055 nou
737 996 903 1055 obtinuisse
929 995 1008 1072 apud
1031 993 1165 1054 Graecos
1189 995 1364 1054 sollemnem
1386 993 1547 1072 quendam

211 1118 297 1160 usum
318 1118 355 1158 ac
374 1117 488 1157 morem
511 1097 659 1156 formulae
679 1096 807 1156 Latinae
832 1096 1086 1172 interpretandae,
1113 1094 1166 1154 sed
1188 1114 1255 1154 eam
1275 1114 1339 1154 rem
1359 1097 1393 1154 iu
1413 1094 1547 1155 arbitrio

210 1201 455 1275 uniuscuiusque,
469 1200 520 1275 qui
534 1199 652 1258 titulum
665 1206 865 1276 componeret,
886 1198 1017 1272 positam
1031 1196 1135 1255 fuisse.
1168 1193 1258 1269 Quod
1272 1196 1364 1256 multo
1385 1196 1547 1257 infelicius

211 1302 301 1360 etiam
316 1318 407 1377 quam
422 1299 602 1358 Atheniensi
615 1307 729 1372 nostro,
752 1298 854 1360 Samio
876 1298 922 1357 illi
935 1299 1064 1356 cessisse
1077 1296 1217 1368 vidimus,
1239 1297 1292 1372 qui
1312 1297 1433 1356 titulum
1449 1315 1547 1376 supra

210 1401 335 1461 allatum
357 1401 485 1475 scripsit.
502 1431 541 1442 -
563 1399 634 1458 Ἠ
655 1393 874 1481 κεραυν[οφο’ρου
897 1398 1037 1476 supplevi
1058 1398 1140 1474 quod
1161 1416 1198 1456 ea
1215 1398 1282 1456 solu
1295 1397 1427 1458 nominis
1442 1396 1548 1458 forma

210 1502 322 1561 medita
342 1510 389 1559 est
410 1500 485 1576 (Dio
507 1501 557 1571 55,
580 1499 648 1576 23);
671 1500 724 1558 sed
744 1499 820 1557 haec
840 1517 902 1556 vox
923 1499 1052 1574 spatium
1075 1498 1220 1557 excedere
1245 1496 1415 1576 videtur¹)‚
1447 1514 1547 1576 quare

209 1604 342 1662 fortasse
363 1601 464 1679 potius
485 1600 673 1683 ,repumicatio
687 1599 875 1658 scribendum
896 1598 962 1672 erit,
985 1590 1190 1675 quod'Latiuo
1205 1599 1379 1676 fulminatae
1400 1609 1548 1660 aoeurate

209 1702 414 1780 responderet.
450 1701 488 1759 V.
507 1703 543 1759 11
566 1701 707 1759 vocabuli
731 1690 969 1774 ἀποδεδειγμένον
994 1699 1123 1776 vestigia
1143 1698 1311 1759 certissima
1331 1709 1420 1773 sant3
1451 1710 1548 1779 atque

209 1803 241 1862 id
261 1821 329 1861 oum
348 1802 542 1877 sequentibus
557 1800 794 1879 coniungendam
816 1817 894 1872 esse,
915 1817 975 1858 nou
996 1818 1064 1858 cum
1084 1800 1123 1859 iis
1137 1818 1214 1876 quae
1235 1800 1425 1874 antecedunt,
1448 1808 1547 1879 patet.

210 1902 289 1964 Nam
311 1911 447 1978 quaestor
461 1905 605 1977 principia
627 1919 744 1978 semper
765 1901 803 1959 ab
824 1901 893 1975 ipso
914 1900 1050 1977 principe
1069 1901 1254 1977 designatur,
1274 1919 1367 1977 quare
1388 1895 1548 1960 ἀποδεδει-

210 1994 311 2079 γμένον
337 1997 384 2057 ὑπ’
412 1997 503 2057 αὐτοῦ
527 2001 661 2060 additum
687 2000 931 2058 molestissimam
958 2001 1155 2077 tautologiam
1176 2001 1316 2060 efficeret.
1364 1999 1492 2061 Contra
1520 2002 1548 2062 si

210 2121 247 2162 ea
267 2102 359 2162 verba
379 2100 418 2158 ad
439 2090 641 2182 [dqupuvo'apu
661 2100 742 2178 qnod
764 2101 900 2176 sequitur
919 2100 1095 2174 referamus,
1120 2121 1182 2160 non
1207 2102 1304 2161 solum
1325 2120 1395 2162 cum
1416 2120 1439 2161 a
1461 2104 1549 2181 prin·

208 2204 275 2282 cipe
297 2202 424 2261 aedilem
445 2201 631 2259 nominatum
651 2219 719 2260 esse
739 2202 897 2273 iudicatur,
924 2201 1087 2260 sedetiam
1109 2212 1172 2261 tum
1193 2221 1261 2261 cum
1281 2203 1389 2262 titulus
1410 2220 1547 2280 ponere·

209 2312 267 2376 tur,
289 2305 467 2379 designatam
488 2301 609 2378 quidem
630 2303 735 2374 luisse,
757 2303 811 2362 sed
831 2302 963 2360 nondum
984 2302 1191 2378 magistratum
1212 2297 1369 2378 iniisse³);
1394 2311 1495 2382 atque
1514 2324 1549 2366 re

209 2423 281 2463 vera
306 2404 355 2463 hic
383 2403 506 2462 ultimus
537 2410 569 2461 et
594 2419 727 2462 summas
754 2404 949 2480 magistratus
982 2411 1043 2474 est,
1076 2405 1128 2478 qui
1156 2404 1187 2462 in
1214 2404 1302 2462 titula
1327 2390 1548 2480 perscribitur,

207 2522 301 2582 quum
322 2504 423 2563 statim
443 2505 509 2562 eius
529 2504 582 2580 qui
603 2511 734 2563 statuam
754 2505 855 2578 posuit
879 2521 988 2562 nomen
1007 2502 1215 2582 subiungatur.
1257 2504 1319 2562 Pro
1335 2496 1547 2588 [dyapme'akv

209 2605 344 2683 suppleri
364 2611 463 2682 potest
483 2596 669 2684 [defaapq‚]0u‚
695 2603 749 2662 sed
772 2604 825 2661 illo
847 2603 992 2662 vocabulo
1015 2604 1142 2679 spatium
1164 2604 1272 2664 melius
1293 2604 1449 2681 expletur.
1495 2605 1547 2667 De

208 2706 329 2765 nomine
353 2704 419 2764 eius
442 2704 493 2780 qui
517 2703 635 2762 titulum
663 2702 813 2763 dedicavit
837 2722 892 2781 pro
918 2713 999 2762 certo
1025 2704 1085 2761 dici
1111 2712 1225 2780 potest,
1253 2706 1331 2764 inter
1351 2724 1549 2783 praenomen

208 2814 239 2866 et
252 2823 428 2884 cognomen,
444 2821 520 2880 quae
535 2804 652 2882 integra
666 2811 746 2878 suut,
767 2803 828 2862 duo
846 2804 968 2863 nomina
982 2804 1135 2881 gentilicia
1155 2805 1268 2882 scripta
1280 2805 1434 2882 luisse⁴);
1459 2809 1549 2886 prius

285 3129 310 3198 ¹)
334 3131 419 3181 Multo
438 3131 522 3195 aptius
541 3137 607 3181 esset
628 3131 738 3195 simplex
757 3120 889 3201 χόνιυσις,
909 3147 988 3197 quum
1006 3120 1126 3202 xuvra'm
1144 3147 1202 3184 eam
1220 3133 1274 3183 rim
1291 3132 1388 3185 habeat
1406 3150 1482 3202 quae
1500 3137 1549 3191 hie

208 3222 376 3284 desideratur,
396 3221 442 3272 sed
461 3236 492 3270 eo
512 3222 623 3286 spatium
641 3236 695 3272 uon
714 3223 840 3287 expletur.

284 3311 308 3376 ²)
334 3312 497 3377 Quamquam
509 3327 563 3362 non
582 3326 614 3362 ea
632 3319 671 3362 cst
688 3313 716 3363 in
727 3312 778 3363 hcc
789 3313 865 3363 titulo
884 3312 1053 3378 aequabilitas
1066 3314 1216 3379 scripturae,
1236 3320 1265 3364 ut
1278 3314 1388 3367 duarum
1400 3317 1550 3373 literarum

206 3405 349 3457 discrimini
367 3405 476 3455 multum
495 3403 659 3455 tribuendum
678 3404 720 3454 sit.

281 3493 307 3558 ¹>
331 3495 433 3546 Tamen
445 3495 512 3546 hauc
529 3511 584 3546 rem
596 3495 667 3545 haud
676 3496 719 3545 ita
730 3493 827 3545 levibus
840 3494 1041 3545 dubitationibus
1060 3495 1201 3546 obnoxiam
1220 3509 1276 3546 asse
1290 3495 1342 3547 Th.
1355 3497 1549 3555 Mommsenm

206 3602 248 3639 ms
266 3586 414 3638 admonuit:
441 3577 567 3636 ‘Primum
590 3587 719 3650 legitimus
742 3575 831 3637 serenov
852 3587 960 3651 requirit
983 3584 1088 3636 aedilem
1111 3583 1280 3651 designatum,
1305 3601 1359 3638 non
1377 3586 1550 3658 designatum

207 3676 321 3729 aedilem
353 3676 456 3727 Deinde
469 3678 633 3741 magistratus
647 3676 775 3741 designati
792 3675 837 3727 ubl
850 3678 1022 3738 inveniuntur,
1042 3691 1173 3742 nunquam
1191 3676 1295 3727 additur
1313 3677 1465 3744 designatos
1485 3698 1549 3736 cass

208 3769 241 3818 ab
260 3769 429 3832 imperatore,
459 3780 542 3831 neque
560 3773 630 3816 recte
648 3767 711 3815 addi
728 3767 826 3830 potuit,
851 3783 909 3816 cum
931 3769 1026 3817 creatio
1045 3768 1222 3832 magistratum
1240 3769 1398 3819 urbanorum
1419 3776 1547 3840 exeeptis

205 3857 354 3909 consulibus
373 3855 407 3906 ad
419 3862 536 3905 senatum
548 3858 695 3920 pertineret
723 3857 810 3920 Magis
828 3856 980 3907 crediderim
998 3857 1076 3907 verba
1094 3849 1299 3925 duedrduypiuus
1315 3850 1353 3908 ὕπ’
1372 3851 1452 3912 adest
1469 3864 1546 3917 refe-

205 3948 288 3998 renda
306 3961 361 3996 essa
380 3947 414 3995 ad
430 3952 592 4010 quaestorem
611 3946 776 3997 candidatum
794 3947 915 4012 Augusti.
943 3948 1041 3998 Veram
1061 3956 1099 3998 est
1117 3963 1149 3998 ea
1161 3948 1239 3999 verba
1255 3950 1293 3999 ita
1304 3965 1395 4015 parum
1414 3962 1547 4009 aecum

204 4038 283 4100 verti;
310 4050 371 4086 nam
390 4041 512 4101 quaestor
530 4036 682 4086 candidatus
700 4036 812 4101 Augusti
830 4037 863 4087 ab
881 4038 1037 4102 imperatore
1052 4039 1201 4089 nominatur
1218 4041 1300 4105 magis
1318 4055 1396 4105 qaam
1414 4042 1545 4111 designa·

204 4135 260 4191 tur3
284 4128 330 4178 sed
354 4141 386 4177 ea
408 4127 534 4177 sermonis
558 4126 666 4191 legitimi
685 4125 830 4178 maerentia
854 4128 923 4178 baud
946 4129 999 4179 scio
1018 4143 1053 4179 an
1074 4130 1148 4180 reddi
1166 4129 1267 4183 Graece
1286 4131 1391 4182 omnino
1410 4143 1544 4200 nequeat

203 4219 303 4271 Verum
321 4218 383 4268 item
402 4225 440 4267 est
459 4216 543 4268 adhuc
561 4218 660 4267 nullum
679 4218 781 4268 titulum
800 4219 931 4269 inventum
951 4234 1006 4270 esse
1025 4221 1168 4285 quaestoris
1187 4223 1310 4285 Augusti,
1335 4222 1379 4287 qui
1401 4223 1477 4275 idem
1499 4228 1544 4279 di.

203 4316 303 4361 ceretur
331 4309 482 4361 candidatus
506 4308 631 4373 Augusti3
659 4308 730 4373 quod
752 4310 808 4360 sine
834 4311 913 4361 dubio
937 4326 990 4361 non
1015 4305 1076 4361 casu
1101 4312 1203 4374 accidit,
1228 4312 1273 4362 sed
1296 4318 1434 4378 propterea
1462 4318 1545 4381 quod

203 4408 365 4466 quaestores,
390 4401 433 4466 qui
452 4400 570 4463 Augusto
594 4406 697 4464 praesto
720 4407 818 4463 essent,
842 4416 944 4467 semper
967 4401 1145 4466 deligebantur
1167 4418 1201 4453 sx
1224 4402 1403 4468 quaestoribus
1421 4404 1457 4457 ab
1478 4407 1543 4473 ipso
1581 4413 1584 4418 ’

203 4491 352 4552 nominatis,
371 4496 401 4539 ut
418 4490 463 4540 lllo
476 4489 562 4555 posito
580 4489 631 4540 lroc
645 4504 746 4555 quoque
764 4506 793 4541 re
810 4493 868 4556 ipsa
886 4493 1153 4558 comprehenderetur.
1184 4493 1239 4547 Sed
1250 4494 1335 4559 potuit
1351 4509 1415 4545 sana
1432 4502 1543 4551 utrum

202 4595 253 4647 que
272 4581 348 4632 simul
367 4581 495 4631 enuntiari
513 4581 626 4630 maxime
644 4580 672 4630 in
689 4580 764 4631 titulo
783 4581 882 4634 Graece
901 4575 1012 4648 seripto'.

278 4670 304 4734 ⁴)
327 4672 364 4724 Ut
381 4671 451 4721 idem
469 4670 549 4722 homo
568 4669 668 4722 duobus
685 4673 833 4723 nominibus
844 4674 982 4739 gentiliciia
999 4679 1093 4736 utatur,
1112 4674 1140 4725 id
1159 4675 1213 4725 iam
1227 4675 1370 4741 primorum
1387 4675 1541 4741 imperato·

202 4778 260 4815 rum
274 4770 388 4828 tempore
407 4778 460 4814 non
478 4777 538 4813 raro
551 4763 608 4814 deri
625 4763 788 4814 notissimum
806 4769 853 4813 est.
884 4765 1027 4815 Hominum
1041 4764 1200 4818 Graecorum
1218 4767 1324 4817 alterium
1342 4767 1457 4817 actardi
1477 4784 1541 4822 sae·

202 4854 253 4904 culi
281 4855 400 4920 exempla
422 4855 550 4904 eiusmodi
572 4861 631 4905 aaut
658 4855 693 4903 Α.
721 4843 869 4923 Ἐρ1ν[νιος]
894 4850 1054 4923 maistres]
1078 4845 1237 4925 ‘Eleo'dapae
1267 4856 1297 4908 0.
1325 4857 1347 4907 I.
1373 4857 1457 4909 3204.
1499 4859 1540 4912 Δ.

202 4939 338 5011 Σεπτίμιος
362 4932 489 5011 Δῦρῆλιος
507 4940 635 5012 Στίψανος
653 4945 733 4996 3205.
775 4944 805 4994 Γ.
825 4934 956 5002 'Andarae
973 4942 1111 5014 Σεπτίμιος
1130 4939 1248 5005 Πᾶκλιος
1267 4949 1348 4999 3208.
1383 4948 1417 4999 In
1436 4924 1542 5015 qulbus

201 5033 281 5083 titulis
299 5049 361 5084 sane
380 5035 563 5099 Septimiorum
582 5051 676 5087 nomen
695 5051 711 5086 a
729 5036 855 5101 Septimio
873 5037 970 5090 Severo
988 5041 1156 5103 repetendum
1176 5054 1231 5091 osse
1248 5040 1362 5102 videtum
1383 5039 1431 5090 sed
1450 5044 1542 5097 etiam

201 5129 277 5174 autea
296 5124 412 5175 homiues
432 5125 547 5179 Graecos
565 5126 614 5178 hoc
631 5142 725 5203 nomeu
746 5129 855 5192 gessisse
872 5144 919 5192 per
936 5142 964 5180 se
982 5136 1061 5194 patet.
