3480 5804
293 481 341 552 60
864 493 1045 546 66666666

288 668 354 727 6166
375 677 447 727 6616
467 667 616 726 maximus
640 666 757 724 Marcus
780 665 875 724 dictus
896 665 945 733 sit,
967 665 1127 722 admodum
1149 663 1302 739 probabile
1317 669 1363 720 661
1377 664 1482 721 eodem
1497 663 1618 720 nomine

290 769 380 827 etiam
402 769 542 827 maritum
563 785 649 826 usum
671 785 747 826 esse.

375 871 404 929 5.
448 867 553 928 Simile
579 868 651 943 quid
675 885 733 926 usu
755 867 886 926 venitin
909 864 1146 925 IuniaCslvina
1166 865 1298 940 Augusti
1318 866 1455 941 abnepte.
1499 864 1620 923 Titulus

291 969 405 1029 Tibure
431 970 503 1027 olim
530 976 665 1027 servatus
687 968 792 1027 Iuniae
817 968 971 1026 cuiusdam
999 965 1050 1043 Sp.
1076 967 1097 1023 f.
1121 965 1318 1042 Tyrannidis‚
1344 983 1421 1040 quae
1447 965 1489 1023 ibi
1511 965 1620 1023 dicitur

294 1067 434 1129 Caluinae
455 1070 500 1127 M.
523 1070 621 1128 Silani
634 1067 746 1145 fidiae)
769 1068 899 1126 delicium
926 1065 1029 1141 (Grut.
1055 1065 1199 1139 1014,1;
1227 1065 1376 1142 Borghesi
1398 1065 1419 1123 l.
1439 1084 1464 1124 c.
1485 1083 1515 1142 p.
1532 1065 1619 1141 103),

291 1190 311 1230 a
331 1171 497 1246 Borghesio
523 1169 663 1228 tribuitur
689 1169 791 1227 nescio
817 1169 865 1227 cui
887 1168 990 1226 luniae
1012 1165 1155 1227 Calvinae
1180 1175 1336 1242 praeterea
1355 1167 1475 1242 ignotae
1496 1173 1621 1244 propter

291 1289 357 1330 carn
383 1270 479 1329 solam
500 1288 637 1341 causam,
664 1269 744 1344 qnod
765 1277 851 1346 pater
870 1268 911 1329 ibi
935 1269 1044 1327 dicitur
1065 1287 1124 1327 non
1146 1268 1280 1344 Appius,
1307 1267 1360 1326 sed
1380 1268 1511 1326 Marcus.
1552 1267 1619 1326 Iam

289 1378 449 1448 postquam
469 1370 597 1428 vidimus
619 1371 800 1445 abnepotum
817 1370 948 1445 Augusti
970 1377 1085 1444 patrem
1107 1369 1163 1426 hoc
1183 1369 1252 1444 ipso
1273 1368 1392 1428 nomine
1413 1367 1516 1441 161666,
1538 1368 1619 1426 bunc

288 1489 410 1548 quoque
432 1471 550 1529 titulum
572 1471 693 1545 abnepti
713 1471 842 1530 tribuere
864 1489 923 1529 non
945 1470 1155 1528 dubitabimus.

374 1571 513 1629 Vidimus
528 1571 689 1629 Aemiliam
704 1569 850 1648 Lepidam
866 1578 1041 1646 proneptem
1057 1570 1186 1646 Augusti
1200 1577 1300 1627 natam
1317 1588 1342 1628 6.
1358 1588 1385 1628 a.
1402 1569 1460 1628 751
1477 1571 1620 1647 nupsisse

290 1649 435 1730 66166
457 1672 498 1729 ru.
515 1668 620 1730 sirano
642 1672 795 1746 filiumque
816 1671 948 1730 elnaem
969 1671 1099 1729 nominis
1121 1670 1251 1728 666666
1271 1670 1340 1747 ipso
1362 1688 1441 1728 auno
1457 1670 1515 1729 ror
1536 1678 1619 1730 ante-

290 1790 378 1848 quam
402 1771 479 1829 diem
501 1772 657 1847 Augustus
679 1771 775 1830 obiret
796 1772 888 1848 (Aug.
906 1772 969 1847 19).
1013 1772 1076 1829 lam
1103 1781 1136 1829 ut
1157 1771 1256 1829 mariti
1277 1771 1343 1829 elus
1364 1770 1462 1830 locum
1483 1779 1620 1848 parente·

290 1873 412 1948 lamque
438 1872 681 1943 determinemus,
707 1872 928 1931 recensebimus
955 1872 1063 1930 aetatis
1086 1871 1241 1947 Augustae
1267 1869 1401 1943 Silanos,
1427 1890 1553 1948 quorum
1579 1870 1620 1930 ad

291 1991 348 2032 nos
370 1973 514 2031 memoria
534 1973 678 2048 pervenit.

378 2076 405 2132 1.
448 2073 491 2130 M.
517 2075 621 2133 Iunius
647 2074 768 2133 Silanus
796 2093 852 2132 coa.
883 2093 911 2131 a.
932 2091 960 2130 a.
982 2090 1006 2130 c.
1023 2073 1083 2131 719
1110 2072 1272 2149 (Borghesi
1299 2073 1319 2132 1
1341 2092 1367 2132 6.
1394 2091 1425 2150 p.
1443 2073 1526 2149 180).
1570 2072 1620 2132 116

291 2185 377 2256 patre
405 2197 466 2236 non
494 2176 568 2235 satis
593 2182 725 2245 constat;
754 2193 823 2232 nam
850 2173 901 2249 qui
927 2173 958 2231 16
985 2181 1106 2232 6666166
1132 2175 1271 2233 66666116
1292 2193 1319 2231 a.
1339 2195 1369 2264 p.
1389 2192 1414 2233 6.
1431 2174 1489 2234 737
1513 2173 1618 2251 ((1661.

292 2277 363 2350 318,
382 2279 452 2336 1=
469 2277 522 2347 VI,
539 2275 613 2352 817)
638 2275 716 2333 iuter
736 2273 861 2349 eosqui
883 2274 1044 2332 scribundo
1065 2274 1428 2350 adsueruntprimolooo
1449 2276 1622 2334 nominatur

291 2379 336 2438 M.
358 2379 461 2436 Iunius
483 2377 528 2436 M.
543 2380 571 2454 s.
595 2374 753 2450 66116666)
782 2393 850 2433 eum
877 2374 990 2432 hunc
982 2391 1079 2451 rpenm
1100 2375 1196 2434 fuisse
1216 2375 1402 2452 Borghesius
1424 2377 1529 2436 statuit
1551 2395 1620 2453 pro·

290 2479 432 2538 babiliter
451 2478 581 2554 quidem,
604 2477 659 2535 sed
679 2474 884 2534 deficientibus
906 2477 1090 2554 argumentis
1112 2477 1235 2535 certis.-

375 2579 404 2638 1.
447 2578 485 2638 L.
507 2580 609 2638 Iunius
630 2576 750 2636 Silanus
773 2577 943 2634 candidatum
966 2594 1021 2634 cos.
1044 2579 1076 2633 in
1096 2595 1124 2634 a.
1144 2577 1202 2635 733
1223 2575 1303 2650 (Dio
1324 2578 1375 2648 54,
1390 2577 1423 2653 6)
1449 2579 1621 2638 nominatur

291 2681 362 2740 item
388 2681 467 2738 inter
492 2680 617 2737 heredes
640 2675 675 2735 O
698 2675 793 2735 Cestii
819 2693 879 2734 uua
899 2694 967 2734 cum
988 2676 1029 2733 M.
1052 2676 1188 2754 Agrippa
1209 2677 1243 2753 (†
1259 2676 1366 2754 741)
1356 2697 1388 2736 rn
1409 2679 1498 2743 titulo
1520 2678 1618 2739 Orell-

291 2781 331 2841 48
355 2780 518 2856 (Borghesi
538 2780 600 2837 16.
622 2797 651 2854 p.
671 2776 755 2852 181).

375 2881 404 2939 3.
451 2881 482 2940 C.
509 2877 666 2937 laniusG.
687 2879 715 2952 s.
738 2876 859 2936 Silanus
886 2895 941 2935 coa.
968 2896 996 2935 a.
1017 2897 1046 2935 a.
1066 2897 1090 2936 6.
1107 2879 1168 2936 737
1197 2878 1364 2956 (Borghesi
1391 2881 1411 2938 1.
1432 2899 1457 2939 a
1485 2899 1515 2957 p.
1533 2879 1617 2959 181).

291 2980 393 3053 Patri,
420 2996 509 3054 quem
539 2977 650 3037 Gaium
675 2977 809 3055 appellat
836 2976 896 3035 Dio
923 2979 954 3036 in
980 2977 1078 3036 indice
1108 2977 1159 3054 (61.
1185 2979 1200 3036 1
1226 2997 1255 3054 p.
1272 2981 1361 3056 547),
1390 2980 1484 3040 Marci
1510 2999 1618 3041 nomen

290 3079 384 3139 161666
409 3077 561 3138 contendit
581 3077 767 3154 Borghesius
794 3086 954 3155 propterea
978 3077 1058 3153 quod
1083 3080 1187 3137 consul
1209 3097 1236 3138 a.
1253 3079 1312 3139 763
1335 3081 1474 3142 16166116
1497 3081 1620 3159 Capito·

290 3179 361 3239 linis
388 3179 557 3254 appellatur
578 3177 612 3238 0.
640 3177 745 3237 166166
768 3175 803 3236 G.
832 3177 915 3236 111.
941 3197 970 3236 n.
993 3175 1129 3250 Silanus3
1158 3188 1190 3237 at
1217 3199 1285 3240 sum
1310 3182 1401 3241 huius
1427 3183 1523 3243 filium
1549 3201 1620 3246 esse

292 3298 379 3339 nemo
400 3280 514 3339 scribit.

376 3381 405 3438 4.
451 3381 481 3439 C.
503 3379 657 3440 1661660.
672 3382 700 3456 s.
723 3379 768 3438 M.
790 3377 958 3438 68116616
979 3399 1036 3439 coa.
1058 3401 1086 3439 a.
1102 3401 1130 3440 u.
1147 3402 1171 3441 c.
1187 3383 1245 3442 763
1260 3409 1297 3433 --
1313 3385 1351 3442 10
1361 3403 1394 3459 p.
1410 3384 1489 3457 cur..
1511 3385 1619 3447 llameu

291 3481 450 3540 Martialis.
486 3480 608 3539 Patrem
628 3498 777 3556 avumque
796 3480 868 3539 16611
882 3479 1043 3558 Capitolini
1064 3483 1261 3559 prodiderunt
1282 3484 1425 3561 illumque
1443 3486 1620 3548 confirmant

291 3582 371 3641 tituli
391 3582 495 3640 Iuniae
517 3579 550 3640 C.
572 3580 713 3654 Silanis.
739 3581 899 3656 Torquatos
919 3581 1044 3656 virginis
1059 3581 1190 3642 Vestalis
1212 3583 1520 3660 (0161169611381
1541 3587 1619 3648 Bor·

291 3683 377 3759 ghesi
402 3700 471 3758 opp.
495 3682 523 3752 3,
544 3679 673 3755 116666
700 3679 825 3739 Henzen
846 3681 1005 3739 6661661.
1035 3683 1113 3742 1855
1135 3703 1165 3759 p.
1181 3683 1228 3759 5);
1256 3704 1322 3744 eam
1349 3687 1429 3746 enim
1454 3688 1544 3748 buius
1571 3707 1618 3749 so·

291 3800 389 3840 rorem
416 3781 488 3840 dicit
508 3781 633 3839 Tacitus
660 3779 744 3854 (auu.
766 3781 794 3852 3,
817 3779 880 3854 69).
918 3781 1164 3858 >Repetundarum
1190 3802 1231 3842 ex
1256 3787 1331 3844 Asia
1355 3787 1514 3849 damnatus
1538 3807 1566 3848 a.
1587 3810 1617 3869 p.

292 3879 364 3940 Chr.
381 3879 420 3938 11
442 3881 473 3938 16
495 3881 618 3939 exilium
640 3879 714 3938 abiit
735 3878 875 3954 (Tacitus
895 3879 916 3938 l.
931 3881 983 3956 c.).
1398 3901 1401 3907 ·

376 3980 405 4038 5.
448 3980 492 4037 Μ.
519 3981 621 4037 Iunius
646 3978 873 4053 11116666
899 3998 956 4040 coa.
983 4001 1011 4039 a.
1031 4001 1060 4040 u.
1080 4001 1104 4041 6.
1121 3985 1179 4043 768
1199 4009 1236 4035 =
1259 3989 1298 4045 15
1314 4006 1346 4064 p.
1365 3985 1434 4048 Gltr.
1478 3988 1555 4049 Dixi
1579 3990 1618 4052 de

291 4081 348 4139 boc
373 4080 453 4157 apud
473 4079 647 4138 Henzenum
672 4079 705 4137 in
729 4079 875 4138 relatione
901 4080 938 4139 de
963 4083 1039 4140 actis
1061 4084 1218 4143 Arvalium
1245 4104 1274 4161 p.
1293 4089 1328 4146 11
1356 4089 1458 4165 ibique
1481 4092 1617 4166 quaeda

291 4180 409 4239 dnobus
435 4176 612 4238 1181111616
637 4180 810 4239 consulibus
837 4199 864 4239 a.
883 4199 912 4257 p.
928 4180 1000 4241 Chr.
1024 4183 1061 4241 15
1081 4194 1111 4243 et
1132 4184 1169 4242 19
1196 4187 1307 4246 tradita
1333 4190 1503 4266 accepimus
1528 4202 1618 4253 antea

291 4281 369 4341 male
397 4281 571 4356 perturbata
597 4279 744 4339 ordinavi.
793 4280 878 4340 Patri
909 4300 1017 4342 nomen
1045 4283 1139 4343 luisse
1168 4284 1228 4345 Gai
1256 4289 1385 4362 primum
1412 4291 1618 4366 patefecerunt

290 4388 358 4441 acta
377 4381 534 4440 Arvalium
555 4393 582 4440 1.
598 4381 638 4440 38
660 4380 742 4456 (nam
764 4380 855 4440 huius
877 4384 948 4442 anni
969 4400 1045 4454 esse,
1066 4403 1125 4444 non
1146 4389 1300 4462 sequentis
1320 4389 1380 4448 iarn
1401 4391 1544 4468 constat),
1566 4394 1617 4454 ubi

290 4484 340 4561 agi
362 4482 398 4540 de
420 4483 477 4541 hoc
499 4489 610 4541 certum
632 4490 695 4553 est,
717 4500 784 4540 cum
806 4499 1009 4542 successorem
1031 4485 1072 4543 ibi
1094 4487 1235 4562 accipiat,
1258 4508 1294 4546 eo
1316 4497 1416 4549 autem
1438 4511 1517 4552 anuo
1538 4493 1618 4553 hunc

289 4582 441 4641 interiisse
462 4590 589 4642 constet.
625 4581 791 4658 Aequalem
813 4582 908 4643 161666
924 4582 1093 4644 Germanici
1116 4587 1179 4645 nati
1200 4606 1228 4644 a.
1244 4608 1273 4646 u.
1289 4608 1314 4647 c.
1330 4590 1389 4651 739
1411 4591 1481 4652 iuda
1502 4592 1617 4673 colligi·

290 4690 353 4754 tur,
381 4683 462 4757 quod
487 4682 582 4742 161666
605 4681 724 4743 Drusus
747 4680 921 4743 Germanioi
942 4684 963 4742 1.
985 4685 1117 4744 fraudem
1139 4688 1295 4748 confessus
1318 4690 1424 4750 deinde
1445 4694 1487 4752 M.
1510 4691 1617 4755 Silano

290 4799 323 4840 66
349 4782 481 4858 genitum
502 4800 571 4841 6666
592 4783 745 4842 contendit
765 4782 904 4858 (Tacitus
925 4802 992 4843 anu.
1016 4786 1129 4863 5,10).
1173 4787 1291 4848 Consul
1311 4791 1402 4850 fuerit
1421 4811 1546 4854 necesse
1567 4801 1616 4854 661

290 4880 330 4938 M.
354 4878 475 4939 Silanus
498 4882 642 4941 suffectus
664 4901 690 4941 a
706 4901 736 4958 p.
752 4881 824 4943 Chr.
843 4883 880 4942 15
902 4885 932 4958 (1
952 4905 981 4962 p.
998 4886 1058 4946 475
1080 4888 1118 4947 61.
1140 4908 1169 4947 6.
1186 4887 1256 4948 761.
1273 4890 1362 4966 763);
1384 4911 1454 4951 nam
1475 4892 1616 4956 118116-

289 4996 348 5038 nus
369 4978 410 5038 M.
432 4978 452 5036 1.
475 4998 537 5039 666.
560 4982 624 5040 ord.
644 5001 672 5041 a.
687 5000 716 5058 p.
733 4981 804 5043 cur.
823 4986 859 5046 19
886 4986 946 5044 iam
967 4986 1134 5047 excluditur
1155 4990 1274 5066 cognito
1295 4992 1489 5067 praenomine
1510 4995 1616 5072 patris.

289 5078 418 5138 Multum
432 5079 527 5138 valuit
541 5080 597 5140 snb
609 5081 731 5142 Tiberio
745 5102 801 5144 nee
813 5102 884 5144 rara
895 5085 960 5146 eius
974 5087 1005 5144 in
1018 5089 1095 5149 actis
1109 5091 1176 5150 elus
1190 5091 1334 5169 temporis
1344 5094 1457 5154 mantio
1468 5102 1515 5156 est
1526 5094 1616 5173 (Tac.
