3480 5804
703 488 916 541 rncrvonvs.
1403 469 1474 541 257

138 649 246 738 (Bibl.
269 661 368 720 Vatic.
391 661 487 737 6852)
513 661 543 719 in
565 679 624 736 quo
645 661 812 719 litterarum
834 660 947 735 figurae
972 659 1011 717 ad
1032 659 1202 736 exemplum
1224 661 1413 738 antiquarum
1433 664 1478 721 in·

153 763 349 838 scriptionum
373 769 514 821 exaratae
536 761 685 836 variisque
707 761 858 820 coloribus
880 760 975 818 illitae
995 768 1115 831 extant,
1141 779 1207 818 cum
1230 761 1301 819 mihi
1323 781 1377 837 per
1397 762 1478 822 eius-

153 863 220 920 dem
242 864 421 921 Mommseni
442 861 655 920 humanitatem
677 862 864 931 innotuisset,
885 860 974 917 facile
994 860 1152 936 impetravi
1174 879 1193 918 a
1213 860 1374 921 Francisco
1388 862 1478 937 Rubi,

152 972 186 1021 ut
205 963 370 1022 litterarum
393 963 538 1039 imagines
558 942 597 1020 ab
618 960 726 1020 idoneo
748 961 861 1020 artifice
882 960 1074 1019 delineandas
1094 968 1220 1032 curaret,
1241 969 1341 1021 cetera
1360 964 1426 1040 ipse
1446 965 1479 1022 in

152 1081 252 1121 meum
278 1081 365 1121 usum
392 1063 580 1122 describeret.
624 1060 760 1136 Cumque
785 1062 934 1120 videretur
958 1063 1032 1119 haec
1053 1059 1198 1119 Feliciani
1225 1080 1318 1138 opera
1343 1064 1480 1123 nonnihil

153 1164 290 1222 utilitatis
313 1164 422 1222 habere
449 1165 487 1221 ad
512 1162 721 1238 illustrandam
747 1161 913 1220 studiorum
941 1161 1200 1238 epigraphicorum
1221 1163 1392 1236 historiam,
1419 1165 1479 1224 iam

153 1263 362 1322 constituimus
382 1263 560 1338 opusculum
581 1263 710 1340 exiguae
732 1262 820 1320 molis
841 1281 907 1320 oum
922 1262 1084 1320 lectoribus
1099 1262 1185 1320 huius
1207 1265 1415 1338 ephemerides
1436 1266 1480 1324 ita

154 1364 389 1436 communicare,
416 1372 449 1422 ut
468 1365 586 1422 litterae
611 1362 649 1421 ad
670 1362 814 1420 minorem
835 1363 987 1421 modulum
1008 1362 1146 1421 redactae
1166 1365 1317 1423 coloribus
1337 1366 1480 1442 neglectis

154 1463 185 1520 in
207 1463 351 1539 peculiari
373 1464 474 1522 tabula
495 1464 567 1539 (tab.
584 1463 630 1539 II)
653 1463 873 1536 exhiberentur,
895 1482 961 1521 cum
981 1464 1149 1540 praeceptis
1172 1471 1270 1522 autem
1293 1484 1312 1522 a
1325 1465 1480 1525 Feliciano

155 1563 334 1640 excogitatis
355 1562 456 1621 Lucae
477 1564 616 1623 Paciuoli
636 1571 798 1639 praecepta
822 1571 1071 1640 componerentur
1090 1581 1150 1639 quo
1170 1563 1288 1624 facilius
1308 1565 1345 1625 de
1366 1568 1481 1626 ratione

154 1680 232 1738 quae
252 1663 331 1722 iuter
351 1671 476 1740 utraque
497 1664 664 1737 intercedit,
685 1665 810 1724 iudicari
830 1665 979 1740 posset1).

278 2028 307 2084 Α
726 1945 915 2021 [amota]

240 2178 357 2253 Questa
374 2179 469 2238 letare
482 2179 511 2237 Α
534 2180 561 2238 si
582 2199 657 2239 cana
670 2181 719 2239 del
733 2180 824 2238 teudo
846 2200 863 2238 e
885 2180 934 2238 del
955 2197 1012 2239 sno
1027 2181 1157 2256 quadro:
1179 2183 1210 2240 la
1223 2186 1332 2261 gamba
1353 2187 1393 2244 de
1413 2206 1482 2246 man

158 2280 236 2338 dritu
257 2281 308 2338 uol
330 2298 415 2339 esser
435 2297 543 2357 grossa
563 2280 629 2338 dele
650 2299 728 2339 noue
749 2282 827 2355 parti
848 2281 920 2338 luna
940 2281 977 2337 de
998 2281 1115 2339 lalteza.
1157 2280 1204 2339 La
1224 2285 1332 2358 gamba
1353 2287 1482 2346 senistra

158 2381 209 2439 uol
231 2397 315 2440 esser
327 2381 358 2439 la
373 2381 446 2439 mita
467 2381 504 2439 de
525 2380 556 2438 la
569 2381 678 2456 gamba
691 2398 805 2457 grossa.
837 2379 884 2438 La
897 2381 1007 2456 gamba
1021 2380 1058 2438 de
1079 2399 1165 2438 mezo
1179 2381 1230 2439 nol
1251 2400 1334 2442 esser
1348 2385 1379 2443 la
1399 2396 1482 2444 terzo

157 2490 241 2556 parte
262 2481 299 2540 de
319 2481 350 2540 la
370 2483 479 2559 gamba
500 2498 615 2559 grossa.
658 2480 705 2538 La
728 2480 869 2556 largheza
889 2481 927 2538 de
948 2481 1010 2538 dita
1031 2480 1125 2538 letera
1146 2481 1280 2542 cadauna
1300 2487 1408 2560 gamba
1427 2507 1482 2564 per

157 2599 242 2639 mezo
265 2582 301 2640 de
322 2583 353 2640 la
374 2583 519 2653 crosiera,
546 2581 646 2656 quella
672 2582 702 2639 di
728 2601 812 2639 mezo
839 2581 981 2656 alquanto
1007 2580 1059 2656 piu
1085 2580 1176 2638 bassa
1203 2600 1318 2643 comme
1339 2586 1408 2644 uedi
1430 2589 1481 2662 qui

157 2699 212 2756 per
232 2683 253 2740 li
275 2683 412 2741 diametri
434 2683 560 2759 segnati.

283 3052 306 3111 B

243 3204 360 3279 Questa
379 3206 474 3265 letera
488 3207 542 3266 .B.
558 3209 585 3267 si
607 3225 752 3283 compone
773 3205 811 3264 de
832 3204 882 3264 dei
904 3205 987 3265 tondi
1008 3225 1025 3264 e
1046 3207 1146 3282 quello
1167 3206 1204 3267 de
1220 3216 1299 3268 sotto
1321 3212 1366 3270 sie
1385 3213 1415 3271 lo
1430 3215 1482 3289 piu

160 3305 274 3381 grando
297 3305 334 3362 de
355 3305 377 3362 li
399 3325 477 3364 noue
498 3307 577 3382 parti
595 3308 677 3376 luna,
698 3307 763 3364 cioe
777 3305 827 3364 uol
841 3322 924 3364 esser
944 3305 966 3363 li
981 3306 1088 3382 cinque
1108 3309 1180 3364 noni
1202 3309 1239 3365 de
1260 3308 1291 3366 la
1310 3328 1366 3368 sua
1387 3312 1483 3372 alteas

161 3422 216 3481 per
236 3405 389 3463 diametro.
433 3405 460 3462 Ε
482 3407 583 3481 quella
608 3406 645 3464 de
666 3422 757 3481 sopra
778 3404 828 3463 uol
849 3420 933 3462 esser
953 3404 976 3462 li
996 3415 1104 3479 quatro
1125 3408 1197 3464 noni
1219 3409 1482 3471 medesimamente

162 3522 217 3579 per
229 3503 374 3564 diametro
390 3523 504 3565 comme
518 3507 570 3581 qui
588 3506 718 3582 desopra
730 3505 1057 3581 proportionatamente
1070 3505 1151 3581 negli
1164 3506 1232 3564 ochi
1246 3516 1276 3565 te
1289 3509 1322 3567 fa
1335 3521 1481 3585 presente.

286 3673 314 3733 C

244 3828 360 3904 Questa
383 3828 489 3889 lettera
510 3827 568 3889 .0.
595 3847 629 3889 se
653 3847 729 3888 caua
754 3827 803 3888 del
829 3825 921 3885 tonde
947 3846 963 3886 e
986 3826 1035 3886 del
1062 3845 1117 3887 suo
1144 3829 1258 3905 quadro
1283 3832 1483 3908 ingrossando

161 3930 193 3991 la
209 3939 317 4008 quarta
329 3938 414 4009 parte
435 3930 472 3989 de
486 3930 551 3990 loro
571 3948 714 3989 eancora
735 3929 772 3987 de
792 3928 907 3987 deutro.
940 3926 987 3986 La
1001 3935 1080 3988 testa
1100 3928 1137 3988 de
1158 3947 1248 4005 sopra
1267 3932 1372 3993 finesci
1394 3951 1485 4014 sopra

240 4136 264 4198 ¹)
283 4137 409 4188 Feliclani
428 4138 508 4189 verba
530 4153 563 4189 ex
582 4138 671 4190 Rdhlii
689 4135 853 4202 apographo,
877 4136 965 4186 Lucae
982 4135 1100 4186 Paciuoll
1122 4150 1156 4186 ex
1182 4138 1302 4203 exemplo
1326 4140 1396 4205 quod
1419 4144 1483 4194 ami-

162 4229 279 4280 cisslmus
296 4228 361 4278 mihi
380 4229 417 4279 M.
436 4229 567 4280 Jordanus
586 4228 769 4288 commodarit,
789 4232 907 4276 accurate
925 4226 1095 4290 exprimenda
1113 4227 1208 4288 curari,
1232 4228 1270 4278 ita
1288 4234 1375 4280 amau
1392 4237 1421 4281 ut
1439 4247 1484 4284 ne·

163 4333 212 4384 que
231 4333 314 4370 nexus
331 4320 473 4369 litterarum
492 4333 575 4384 neque
593 4324 691 4369 ceteras
709 4323 785 4368 notas
804 4330 911 4382 quarum
930 4315 1035 4380 quidem
1057 4316 1195 4381 explicatio
1219 4323 1288 4367 certa
1306 4325 1374 4368 esset
1390 4322 1484 4373 retine·

162 4425 231 4472 rem;
255 4411 318 4460 item
336 4425 369 4461 ne
387 4410 491 4474 legendi
509 4409 689 4459 difficultatem
706 4407 763 4457 sine
781 4405 891 4456 utilltate
909 4419 1043 4470 augerem,
1067 4405 1148 4456 verba
1164 4407 1219 4456 iere
1237 4407 1272 4457 ad
1290 4413 1405 4460 nostram
1423 4425 1484 4462 con·

161 4501 322 4552 suetudinem
341 4501 456 4550 distinxi.
494 4499 615 4551 Ceterum
633 4500 662 4548 in
679 4497 790 4549 Jordani
812 4496 931 4562 exemplo
950 4497 1035 4561 operia
1053 4495 1172 4547 Paciuoll
1189 4497 1368 4548 desiderantur
1383 4499 1485 4552 litterae

162 4605 229 4657 quae
248 4597 341 4646 sunta
361 4597 388 4640 et
406 4603 436 4654 z3
461 4605 527 4656 quae
545 4605 577 4640 ue
600 4589 644 4639 bic
662 4601 763 4653 quoque
783 4586 1003 4649 desiderarentur,
1027 4587 1109 4638 frater
1129 4600 1202 4638 meus
1219 4587 1390 4639 bibliothecas
1406 4589 1485 4641 Urbis

162 4696 335 4758 perscrutatus
359 4696 406 4740 est.
446 4689 477 4740 In
502 4690 578 4739 unico
602 4695 688 4738 autem
713 4688 782 4754 quod
805 4687 918 4753 repperit
940 4686 1060 4752 exemplo
1083 4685 1253 4737 bibliothecae
1277 4687 1445 4740 Corsiuiauae
1467 4703 1485 4746 z

162 4793 251 4843 littera
268 4805 320 4842 non
332 4791 417 4840 minus
434 4803 511 4854 quam
529 4789 557 4839 in
569 4787 715 4839 Jordanian
728 4786 875 4838 ointercidit
886 4785 996 4851 ideoque
1008 4785 1075 4836 nihil
1086 4786 1137 4835 nisi
1150 4799 1181 4836 ea
1199 4800 1265 4850 quae
1283 4787 1318 4837 ad
1335 4800 1352 4842 ι,
1371 4787 1485 4842 litteram

162 4894 300 4958 pertinent,
313 4890 399 4940 fratris
412 4889 537 4939 beneflcio
551 4888 593 4937 bic
605 4889 718 4937 inserere
729 4886 811 4951 potul.
824 4909 858 4920 -
877 4883 950 4946 Quae
961 4891 1006 4935 aut
1017 4884 1138 4935 addenda
1149 4893 1194 4935 aut
1205 4886 1357 4950 corrigenda
1368 4887 1484 4938 videreu-

162 4990 205 5033 tur
217 4983 318 5034 usitatis
330 4982 410 5046 signis
421 4980 542 5031 iudicari.
569 4977 847 5028 NonnullosFeliciani
859 4975 941 5025 libelli
951 4976 1023 5026 locos
1035 4975 1182 5026 felicissime
1195 4976 1484 5042 emendavitddolphus

164 5073 269 5137 Tobler,
289 5075 329 5124 cui
348 5087 413 5140 quae
431 5071 572 5121 debeantur
590 5069 666 5120 facile
683 5068 792 5119 lectores
809 5067 971 5132 perspicient
