3480 5804
273 454 320 526 56
842 464 1024 522 normann

260 649 404 717 'tempore
429 641 519 699 fuerit
543 658 666 700 necesse
692 649 748 698 est.
789 638 882 697 Recte
908 639 1000 715 igitur
1023 637 1209 713 Borghesius
1230 634 1450 710 Hennenusque
1475 635 1595 694 titulum

269 741 350 801 huuc
370 741 410 800 ad
430 749 566 800 extrema
585 748 722 816 tempora
743 738 890 798 Hadriani
911 744 1135 797 revocaverunt

353 840 463 900 Adhuc
484 850 564 900 recte
585 841 623 899 ab
645 840 714 899 aliis
736 840 895 898 observata
908 839 1022 910 rettuli,
1044 844 1160 897 restant
1177 837 1245 909 alia,
1267 837 1316 896 nbi
1331 855 1398 895 meo
1413 836 1485 894 mihi
1500 836 1596 895 Marte

269 940 488 1017 procedendum
509 950 564 999 est.
605 938 781 1015 Quicunque
792 940 880 998 tituli
902 938 1108 1010 meminerunt,
1128 937 1202 998 Ursi
1223 937 1379 997 cuiusdam
1394 936 1507 1014 Togati
1527 955 1595 995 enm

270 1058 335 1100 esse
356 1040 497 1100 dixerunt
517 1060 644 1118 eumque
657 1041 770 1101 Ursum
786 1039 936 1118 Togstum
957 1038 1141 1098 condicionis
1161 1029 1316 1097 libertinae
1337 1038 1488 1096 hominem
1502 1037 1597 1095 credi·

269 1139 384 1199 derunt.
426 1142 471 1199 At
496 1141 549 1215 qui
575 1141 688 1216 duplex
714 1158 879 1216 cognomen
905 1139 949 1198 ita
973 1140 1104 1216 positum
1129 1139 1260 1213 aliquam
1281 1138 1478 1197 offensionem
1497 1138 1597 1208 habet,

268 1257 449 1316 quamquam
471 1241 545 1299 talia
564 1242 689 1316 reperiri
710 1261 772 1300 non
793 1259 880 1318 nego.
922 1238 1039 1298 Deinde
1061 1239 1172 1314 Tcgsti
1188 1223 1362 1314 'cognomen
1382 1238 1455 1295 mihi
1477 1237 1596 1311 quidem

269 1339 437 1400 inauditum
458 1350 504 1400 est
524 1349 554 1398 et
573 1341 662 1417 plane
683 1341 749 1400 sine
770 1339 919 1416 exemplo,
940 1349 974 1398 ut
995 1339 1108 1400 similia
1128 1357 1248 1416 quoque
1270 1338 1371 1408 Pilati,
1392 1337 1523 1409 Hastati,
1540 1335 1597 1397 Sa·

269 1440 332 1518 gati
358 1440 438 1499 iuter
464 1440 585 1499 nomina
610 1450 662 1500 sut
688 1442 877 1500 inveniuntur
902 1441 1058 1499 rarissime
1084 1449 1136 1498 aut
1161 1439 1282 1498 omnino
1308 1456 1369 1496 non
1396 1438 1596 1496 inveniuntur.

270 1537 385 1600 Contra
405 1540 455 1598 uhi
476 1540 678 1617 praedicative
698 1541 875 1600 vocabulum
896 1541 1063 1618 acceperis,
1085 1539 1276 1599 difficultates
1297 1556 1401 1597 omnes
1421 1544 1599 1597 evanescent

269 1648 300 1697 et
328 1640 476 1698 sententia
503 1642 615 1718 optime
641 1641 790 1718 procedit,
820 1642 959 1700 nimirum
986 1641 1063 1699 hunc
1088 1640 1215 1717 primum
1236 1640 1330 1698 fuisse
1351 1657 1391 1697 ex
1411 1638 1538 1714 togatis,
1566 1637 1598 1696 id

269 1747 377 1798 estex
398 1739 514 1798 civibus
528 1740 685 1814 Romanis,
708 1743 759 1818 qui
775 1742 877 1800 vitreis
900 1741 971 1817 pilis
992 1741 1111 1817 publice
1131 1740 1247 1799 luserit
1283 1720 1361 1798 ilium
1382 1739 1492 1810 lusum,
1513 1739 1599 1797 cuins

269 1846 425 1915 praeterea
450 1842 532 1917 quod
553 1843 647 1900 sciam
668 1842 778 1900 mentio
799 1859 859 1900 non
879 1842 927 1912 lit,
952 1848 1183 1900 consentaneum
1205 1849 1253 1898 est
1273 1846 1411 1915 coeptum
1433 1857 1452 1896 a
1472 1839 1600 1914 praesti·

268 1939 437 2017 giatoribus
468 1939 651 2000 condicionis
676 1943 853 2020 peregrinae
880 1949 987 2018 postea
1013 1939 1132 1999 demum
1159 1949 1356 2016 propagatum
1386 1956 1456 1999 esse
1480 1938 1520 1997 ad
1546 1956 1599 1998 eoa

269 2040 321 2115 qui
349 2057 410 2097 uon
437 2049 561 2116 propter
586 2041 694 2118 stipem
723 2042 842 2119 publice
869 2041 1013 2100 luderent.
1062 2038 1124 2100 Sed
1151 2059 1211 2099 non
1239 2039 1314 2098 satis
1341 2046 1389 2097 est
1414 2040 1497 2115 quod
1516 2037 1599 2098 Urso

271 2146 373 2217 togam
393 2138 612 2199 vindicavimus
639 2161 696 2217 pro
722 2143 898 2218 cognomine
924 2141 1003 2198 male
1030 2140 1057 2198 ei
1082 2141 1221 2212 obtruso,
1250 2140 1424 2198 liberandus
1444 2148 1493 2198 est
1512 2157 1600 2214 prae·

271 2248 353 2297 terea
379 2257 399 2297 a
424 2240 542 2299 macula
566 2240 780 2300 libertinitatis.
826 2240 915 2300 Hanc
941 2241 969 2299 ei
996 2240 1170 2301 indiderunt
1196 2249 1357 2317 propterea
1383 2241 1466 2314 qnod
1487 2239 1600 2300 Verum

271 2344 317 2396 ter
342 2338 510 2412 consulem,
537 2341 676 2416 quisquis
698 2341 768 2412 fuit,
790 2350 949 2418 patronum
970 2341 1119 2417 appellat,
1146 2342 1226 2400 atsi
1249 2339 1387 2399 Vulteius
1408 2341 1500 2399 liena
1519 2339 1601 2418 apud

270 2436 432 2498 Horatium
446 2438 508 2515 (ep.
527 2441 554 2513 l,
569 2440 599 2512 7,
614 2439 668 2516 92)
684 2440 866 2518 Philippum,
888 2443 973 2501 cuius
987 2441 1081 2500 cliens
1095 2441 1161 2512 init,
1183 2459 1243 2499 non
1257 2440 1392 2512 libertus,
1412 2441 1532 2517 patroni
1546 2459 1601 2500 no·

271 2538 350 2597 mine
371 2539 552 2616 adloquitur,
573 2541 677 2616 quidni
699 2541 837 2600 similiter
857 2541 955 2601 Ursus
976 2541 1062 2617 loqui
1082 2540 1182 2617 potuit
1201 2541 1240 2598 de
1253 2541 1336 2600 Vero
1357 2558 1430 2598 aene
1450 2539 1599 2600 ditissimo

271 2647 303 2697 et
328 2640 558 2716 potentissimo?
601 2639 691 2714 Quod
719 2641 746 2699 si
770 2641 975 2700 libertinitatis
1001 2640 1179 2699 documenta
1203 2639 1288 2698 nulla
1311 2640 1344 2698 in
1364 2641 1498 2698 carmine
1517 2640 1602 2700 inre·

271 2739 406 2811 niuntnr,
431 2740 644 2816 ingenuitatem
670 2742 769 2817 arguit
793 2743 891 2818 ipsum
913 2758 1088 2817 cognomen.
1130 2739 1209 2798 Nam
1230 2739 1328 2799 Urscs
1349 2750 1411 2798 tam
1432 2741 1602 2799 aemtoriae

271 2854 362 2913 quam
387 2840 536 2914 equestris
561 2841 745 2899 condicionis
765 2859 825 2897 nou
850 2841 895 2898 ita
914 2857 1028 2915 pancos
1048 2841 1184 2917 repperi;
1211 2839 1383 2899 libertinum
1403 2841 1448 2898 ita
1467 2841 1602 2916 appella·

273 2945 336 2995 tum
358 2956 419 2996 non
439 2939 567 2997 inveniri
587 2957 769 3015 quamquam
790 2939 912 2998 minime
932 2941 1081 2999 contendo
1102 2939 1214 3016 (neque
1235 2941 1315 2998 enim
1335 2941 1374 2998 ah
1394 2941 1536 2999 hesterno
1551 2941 1601 2999 de·

272 3055 353 3095 mum
378 3037 427 3095 die
447 3037 479 3094 in
500 3039 559 3097 hoc
579 3055 711 3113 aequore
731 3040 871 3116 navigo),
896 3039 955 3098 hoc
974 3040 1042 3098 dico
1063 3040 1243 3098 vocabulum
1263 3059 1361 3116 neque
1382 3039 1602 3100 Graecanicum

272 3154 342 3196 ease
367 3156 465 3214 neque
490 3157 530 3196 ex
556 3138 675 3197 Latinis
701 3139 740 3196 iis
765 3156 844 3215 quae
871 3157 945 3198 usus
972 3137 1167 3199 Graecanicis
1194 3140 1335 3216 aequarit
1354 3150 1386 3198 et
1405 3141 1527 3199 omnino
1546 3159 1603 3200 no·

273 3255 342 3295 men
368 3254 450 3307 esse,
476 3248 511 3296 ut
537 3237 580 3296 ait
599 3237 725 3297 Tacitus
751 3239 842 3314 (hist.
860 3239 977 3314 1,13),
1004 3248 1151 3314 equestre.
1194 3239 1333 3316 Denique
1358 3248 1392 3299 ut
1415 3241 1458 3299 lt
1483 3241 1602 3300 Annius

273 3334 375 3396 Verus
404 3337 570 3414 splendidis
595 3339 746 3398 natalibus
770 3347 855 3398 ortus
879 3339 911 3397 in
937 3359 1060 3418 gregem
1085 3357 1213 3415 quocum
1238 3339 1341 3399 ludere
1367 3340 1486 3399 solebat
1511 3341 1603 3400 etiam

273 3435 423 3496 inferioris
444 3438 558 3497 ordinis
579 3439 718 3498 homines
738 3438 902 3511 admiserit,
927 3459 995 3498 cum
1017 3439 1214 3516 sphaeriatica
1233 3441 1312 3498 inter
1331 3441 1500 3499 semotius
1520 3448 1603 3499 arms

274 3543 355 3595 certe
381 3556 443 3597 non
470 3547 657 3610 numeretur,
684 3548 784 3599 tamen
808 3541 887 3599 inter
913 3541 1071 3599 libertinos
1096 3558 1164 3599 eum
1190 3541 1306 3598 accium
1330 3540 1389 3598 sihi
1413 3540 1604 3617 quaesivisse

274 3636 456 3696 christianae
476 3639 573 3715 magis
593 3639 755 3697 humilitati
775 3640 916 3699 convenit
934 3657 1025 3716 quam
1046 3640 1187 3716 gravitati
1208 3639 1372 3698 Romanae.

358 3734 460 3795 Unum
481 3746 629 3812 superest,
650 3739 729 3814 quod
751 3739 924 3817 scrupulum
938 3750 1067 3810 moreat,
1088 3740 1235 3816 apotheca
1247 3740 1405 3809 dominica,
1424 3757 1487 3816 qua
1497 3740 1603 3816 appel·

274 3835 388 3894 latione
421 3853 494 3894 sane
523 3837 649 3895 libertus
677 3840 796 3914 patrum
823 3840 932 3898 cellam
961 3839 1107 3897 vinariam
1134 3840 1305 3916 significare
1331 3839 1445 3915 potuit3
1474 3838 1534 3898 etsi
1558 3841 1604 3899 ita

275 3953 337 3994 uon
364 3935 440 3994 satis
467 3936 665 4013 intellegitur,
692 3958 745 3996 cur
770 3938 909 3997 libertum
936 3939 1110 3998 honoraturi
1137 3940 1256 4016 patroni
1282 3940 1414 3999 maxima
1438 3939 1603 4017 uptun
1684 3971 1690 3978 ·

275 4034 407 4094 ebibant
450 4032 540 4108 Quod
561 4037 588 4095 si
608 4037 709 4097 Ursus
729 4058 791 4096 non
811 4038 968 4098 libertinus
987 4039 1060 4111 fuit,
1085 4039 1140 4098 aed
1160 4040 1321 4116 ingenuus,
1341 4039 1489 4116 spumea
1505 4038 1603 4100 duni·

275 4134 392 4194 nicaei
421 4134 506 4193 nulla
532 4137 592 4195 diei
619 4139 719 4213 potuit
744 4139 806 4198 nisi
829 4139 1035 4214 imperatorin
1062 4141 1148 4199 euius
1174 4157 1356 4216 quamqua-
1382 4138 1484 4198 claves
1507 4157 1603 4215 penes

275 4254 344 4294 eum
368 4233 465 4294 fuisse
492 4237 651 4295 ostendere
676 4255 793 4312 nequeo
819 4246 864 4310 et,
888 4248 923 4297 ut
945 4258 1047 4298 rerum
1073 4239 1184 4311 fatear,
1210 4240 1250 4297 ad
1269 4239 1419 4298 Hadriani
1438 4237 1604 4298 Falernum

274 4332 388 4395 Ursum
409 4353 470 4395 non
489 4335 654 4395 faciliorem
675 4337 788 4395 aditum
809 4339 950 4396 habuisse
967 4357 1144 4415 perannum
1159 4339 1256 4399 habeo
1268 4358 1360 4416 quam
1372 4339 1507 4415 reliquos
1520 4340 1605 4399 eirea

274 4436 406 4495 urbanos
426 4446 546 4513 praeter
566 4454 680 4513 paucos
692 4439 800 4497 beatoe
813 4437 852 4495 ad
866 4438 1007 4498 auditorii
1020 4448 1052 4498 et
1063 4440 1178 4498 cellarii
1191 4439 1429 4499 communionem
1441 4438 1605 4511 ιᾱιιίιωι,

275 4545 376 4595 tamen
395 4537 453 4596 hoe
472 4539 538 4597 seio
558 4538 722 4614 amphoras
741 4537 836 4596 cellae
855 4539 1068 4616 imperatoriae
1086 4541 1178 4600 οιὶιιιι
1192 4541 1232 4599 ab
1243 4540 1283 4598 iis
1296 4539 1441 4599 celebrari
1455 4540 1605 4615 potuim,

275 4635 329 4709 qui
348 4654 511 4712 numquam
531 4658 570 4697 ne
589 4639 713 4697 odorem
732 4638 853 4715 quidem
872 4658 975 4698 earum
995 4639 1178 4700 olfecissent.
1218 4638 1271 4696 ‘tte
1290 4638 1319 4696 ἐν
1337 4634 1444 4716 vissa,
1465 4637 1604 4699 Galenus

276 4726 588 4817 ait(aeapin’mdtim
606 4738 857 4857 l,4vol.14p.
873 4730 1605 4824 ΞδΚᾱὴηλιῦνᾶρῖπνφιφμᾶωᾶῐων

275 4827 431 4914 idapem
456 4828 801 4906 urbicremarum·
821 4829 897 4896 ἄλλο
921 4832 1040 4920 xurgite,
1063 4830 1201 4900 druch
1185 4832 1606 4923 ηνιῇιῇῗιῖμιιίίωαρι

277 4921 425 5001 ωυᾶζιιν
409 4925 836 5022 rmsnufflavstirups'i
855 4928 1504 5023 πᾶπωντίιείςᾶκρονᾶριηςιὶιόπυν,
1530 4934 1604 4998 οἶνον

275 5020 1316 5116 wratiffuhspr'vuumirsshrue‘hsam'svetqwteqmw·
1356 5037 1606 5102 nmaidein&
