3480 5804
503 461 800 515 cassaverimus
818 461 938 512 aaran.
958 461 1009 510 rx.
1028 461 1066 510 x.
1102 494 1109 505 .
1375 442 1445 512 991

124 559 274 571 ¹——-—-—-—

123 633 202 690 ravit
223 633 369 691 elementa
389 651 448 690 non
470 633 670 707 perdidicerit.
704 633 784 692 Nam
806 632 843 690 ed
862 651 885 707 p
907 650 1001 708 usque
1023 632 1208 706 exemplaria
1221 651 1281 690 non
1296 632 1449 701 differunt3
1499 632 1508 645 '

122 733 229 791 deinde
250 751 326 808 quae
348 734 508 809 requiritur
528 734 657 792 litteras
680 734 766 792 adest
779 733 812 791 in
826 733 956 792 secundo
972 732 1126 808 adfuitque
1141 733 1267 792 fortasse
1282 735 1311 791 in
1328 740 1448 809 quart03

121 845 153 891 at
174 834 205 891 in
228 835 324 909 primo
347 834 463 894 intrusa
483 844 531 893 est
551 836 615 893 eius
638 835 706 893 loco
726 835 866 910 litterap
889 834 926 891 ab
943 836 999 892 hoc
1014 841 1093 893 certe
1108 834 1173 891 loco
1188 835 1296 893 aliena.
1333 834 1451 892 Deinde

121 946 167 992 rt
191 935 307 993 litterae
333 935 365 992 in
391 935 558 1012 alphabetis
585 943 637 994 aut
663 946 732 994 sunt
757 946 809 994 aut
830 936 967 993 videntur
991 936 1096 994 fuisse.
1144 935 1283 1011 Denique
1309 944 1451 1010 quattuor

120 1043 272 1093 extremae
301 1037 419 1093 litterae
445 1037 477 1095 in
503 1037 571 1095 solo
601 1037 734 1095 secundo
761 1036 920 1114 alphabeto
949 1044 1139 1112 comparent,
1168 1037 1222 1095 scd
1248 1046 1280 1094 ut
1306 1057 1325 1094 a
1350 1037 1452 1094 littera

121 1138 250 1194 litteram
273 1149 297 1212 φ
319 1155 378 1195 non
401 1136 568 1214 praecedat,
591 1139 643 1196 sed
659 1147 810 1213 sequatur.
848 1137 922 1196 Tria
942 1138 1059 1213 reliqua
1080 1138 1186 1196 litteris
1207 1159 1227 1196 a
1241 1128 1304 1212 def
1320 1138 1452 1195 caruisse

122 1237 259 1294 videntur
280 1237 381 1313 itaque
403 1239 538 1297 finivisse
559 1240 590 1297 in
612 1249 646 1313 φ,
668 1240 727 1297 nisi
749 1238 831 1314 quod
852 1239 990 1314 primum,
1012 1257 1078 1296 cum
1101 1239 1131 1295 id
1153 1239 1251 1315 ipsum
1272 1239 1450 1296 elementum

122 1338 308 1414 praeceperit
328 1339 395 1397 loco
417 1339 534 1397 litterae
556 1358 580 1408 a,
603 1340 713 1398 desinit
734 1340 765 1397 in
788 1345 823 1396 Τ.

206 1438 271 1496 Iam
293 1458 359 1499 cum
373 1440 547 1512 viderimus,
568 1448 710 1516 quattuor
730 1441 784 1499 illa
803 1441 962 1516 alphabeta
977 1441 1126 1516 quomodo
1141 1442 1279 1499 ordinata
1294 1441 1364 1510 sint,
1386 1441 1453 1517 ipsa

124 1539 309 1610 confirmant,
331 1560 408 1616 quae
423 1542 472 1600 vel
493 1561 532 1601 er
554 1542 619 1599 loco
642 1561 701 1619 quo
722 1539 924 1619 repertdsunt
938 1542 1098 1618 colligitur,
1120 1543 1267 1620 originem
1283 1541 1450 1599 Etruscam.

123 1639 241 1698 Desunt
262 1641 340 1698 enim
363 1641 509 1701 elementa
531 1643 682 1719 bdoqa
703 1645 740 1701 ab
762 1644 899 1702 Etruscis
922 1652 1037 1701 mature
1059 1643 1196 1718 expulsa,
1219 1643 1305 1702 adest
1327 1644 1453 1701 elemen-

123 1749 184 1796 tum
208 1728 233 1804 8
256 1742 320 1799 sive
334 1744 359 1815 s
375 1743 412 1800 ab
426 1743 532 1801 iisdem
548 1743 585 1801 ad
600 1753 723 1820 accepta
737 1764 755 1802 a
770 1742 896 1804 Graecis
912 1744 1068 1802 adiectum.
1107 1742 1338 1820 Comparatione
1355 1752 1453 1802 autem

123 1840 260 1898 instituta
287 1842 511 1916 alphabetorum
535 1843 726 1903 Clusinorum
753 1863 821 1903 curn
848 1845 987 1903 Etruscis
1014 1845 1137 1919 reliquis
1164 1845 1237 1902 haec
1263 1845 1455 1903 inveniuntur

123 1941 245 2016 propria
267 1950 296 2000 at
317 1943 472 2001 notabilia.

210 2044 236 2099 1.
269 2043 441 2120 Alphabeta
456 2044 584 2104 Etrusca
598 2045 735 2123 vulgaria
756 2064 821 2104 eum
844 2046 975 2104 habeant
996 2046 1125 2103 litteram
1146 2064 1172 2116 c,
1195 2045 1333 2103 omittant
1354 2046 1382 2116 lc,
1406 2047 1454 2102 hic

126 2162 141 2199 e
164 2144 313 2201 contrario
334 2144 354 2201 lc
375 2145 469 2217 adest,
491 2147 576 2205 abest
597 2167 621 2205 c.
659 2144 747 2219 Quod
768 2165 950 2222 quamquam
965 2165 1075 2205 novum
1091 2153 1146 2217 est,
1169 2154 1268 2203 tamen
1284 2155 1363 2204 recte
1376 2159 1455 2202 com·

125 2254 251 2319 ponetur
272 2264 338 2303 cum
361 2247 522 2322 alphabeto
536 2247 665 2305 Etrusco
684 2247 800 2305 vasculi
815 2246 925 2304 Nolani
948 2247 1057 2321 prioris
1078 2247 1097 2303 l.
1115 2265 1139 2303 c.
1163 2265 1181 2302 a
1202 2265 1250 2302 me
1272 2246 1353 2316 editi,
1377 2246 1457 2303 ubic

117 2345 171 2403 -bis
193 2347 336 2421 repetitur
357 2359 387 2406 et
408 2365 462 2406 suo
483 2347 550 2405 loco
573 2355 602 2404 et
623 2347 688 2405 loco
709 2348 827 2406 litterae
850 2347 877 2404 lc.
921 2347 1060 2422 Denique
1083 2364 1102 2403 a
1123 2345 1218 2403 titulis
1242 2346 1455 2404 vetustioribus

126 2445 302 2523 Etruscis1)
330 2457 363 2506 ut
389 2448 427 2506 ab
456 2448 579 2508 Umbris
606 2448 718 2524 pariter
747 2457 835 2524 atque
862 2448 900 2505 ab
927 2448 984 2506 hoc
1010 2447 1171 2522 alphabeto
1198 2447 1284 2505 abest
1310 2466 1338 2513 c,
1371 2447 1457 2504 adest

127 2548 190 2606 eius
212 2550 280 2607 loco
303 2550 329 2607 lc.

210 2647 238 2708 9.
276 2648 352 2708 Cum
381 2652 559 2708 elementum
585 2670 600 2708 a
627 2651 657 2707 in
679 2650 809 2708 Etrusca
836 2650 1004 2707 litteratura
1030 2648 1142 2724 duplex
1170 2649 1209 2706 sit
1236 2665 1261 2705 n
1289 2655 1358 2723 post
1376 2669 1413 2725 p,
1442 2663 1456 2704 s

127 2760 197 2826 post
217 2769 242 2820 r,
264 2751 296 2808 in
317 2751 485 2828 alphabetis
506 2752 554 2809 his
578 2750 712 2810 Clusinis
735 2752 791 2810 hoc
813 2750 930 2809 ridetur
951 2749 1124 2808 desiderari.

212 2850 239 2908 3.
274 2852 308 2910 ln
330 2852 492 2930 alphabeto
514 2855 644 2911 secundo
665 2853 797 2911 cernitur
816 2851 916 2910 littera
935 2870 954 2908 a
972 2850 1039 2908 loco
1054 2856 1146 2921 mota,
1169 2850 1283 2908 scilicet
1297 2869 1336 2908 ex
1352 2859 1457 2927 quarto

128 2971 146 3010 a
168 2954 225 3012 bne
247 2953 314 3012 loco
335 2954 482 3013 translata
505 2955 536 3012 in
557 2955 690 3026 tertium3
712 2955 771 3012 tria
791 2963 890 3011 autem
912 2951 1029 3028 reliqua
1047 2950 1208 3028 alphabeta
1227 2958 1329 3008 carent
1349 2951 1457 3010 litteris

128 3054 224 3112 tribus
240 3074 259 3111 c
274 3077 301 3130 χ
309 3057 337 3130 s,
359 3073 436 3131 quae
458 3054 573 3114 litterae
594 3056 625 3113 in
646 3055 804 3130 alphabeto
827 3053 968 3123 secundo,
990 3053 1042 3110 ubi
1064 3072 1084 3108 a
1105 3052 1361 3128 antepaennltima
1379 3051 1459 3110 facta

129 3164 184 3224 est,
206 3164 357 3214 extremae
379 3164 458 3214 sunt.
496 3156 632 3216 Omissis
654 3156 728 3215 haec
750 3156 816 3214 sine
837 3155 928 3214 dubio
950 3153 1026 3212 redit
1046 3152 1085 3211 ad
1106 3154 1203 3212 solam
1225 3153 1385 3213 scribentis
1407 3173 1458 3212 ne·

129 3256 323 3330 glegentiam3
346 3275 400 3313 nec
422 3257 519 3326 video,
541 3257 613 3332 quid
635 3257 716 3314 aliud
739 3258 863 3314 subesse
885 3255 983 3330 possit
1004 3255 1097 3312 mirae
1118 3253 1163 3311 illi
1185 3254 1301 3311 litterae
1323 3273 1342 3310 a
1363 3262 1457 3312 trans·

129 3356 282 3431 positioni.

213 3457 242 3514 4.
277 3455 433 3534 Scriptura
453 3463 596 3532 quattuor
611 3454 836 3530 alphabetorum
851 3473 870 3511 a
885 3454 1010 3512 sinistra
1023 3452 1213 3511 dextrorsum
1231 3453 1364 3530 procedit
1377 3472 1459 3512 more

131 3557 249 3617 Latino.
1308 3554 1310 3558 ’

695 3662 897 3671 —a-—a-

471 3859 511 3918 X.
555 3855 822 3918 FLAMONIVM.
866 3854 1120 3914 FLAMINIVM.

216 4015 362 4075 Flaminis
384 4014 582 4075 sacerdotium
604 4021 635 4074 et
647 4016 828 4089 flammatum
849 4019 929 4070 recte
952 4011 1012 4070 dici
1033 4014 1236 4088 etflomoniarn
1257 4019 1388 4082 constat;
1402 4014 1460 4086 flo-

133 4119 248 4175 miaicm
268 4124 376 4189 autem,
399 4135 460 4193 qua
479 4117 577 4175 forma
597 4114 686 4173 hodie
707 4113 799 4190 vulgo
821 4123 953 4183 utuntur,
975 4112 1055 4171 haud
1077 4113 1139 4172 scio
1161 4131 1200 4170 an
1221 4112 1295 4171 satis
1317 4111 1460 4170 Latinum

134 4212 194 4276 non
216 4217 264 4275 sit.
299 4215 378 4275 Nam
400 4217 479 4275 tituli
500 4217 552 4292 qui
573 4223 678 4274 extant
698 4221 817 4290 praeter
830 4215 999 4288 flambrotua
1015 4213 1194 4271 vocabulum
1208 4230 1269 4270 non
1282 4222 1459 4288 agnoscunt,

133 4317 214 4394 quod
235 4317 354 4394 quidem
376 4317 479 4387 sciam,
501 4317 559 4375 nisi
579 4316 706 4375 alterum
720 4316 860 4390 stomonii,
883 4313 962 4390 quod
983 4313 1093 4389 legitur
1113 4313 1143 4371 in
1159 4313 1255 4371 titulis
1272 4312 1386 4370 Dacico
1402 4328 1461 4369 uno

134 4418 352 4490 111‚1134=
374 4415 463 4478 Grut.
481 4417 554 4488 195,
575 4417 610 4488 5,
635 4414 783 4491 Hispanis
804 4423 945 4490 quattuor
965 4414 1010 4485 II,
1033 4413 1122 4473 1936.
1145 4413 1235 4472 1939.
1256 4412 1347 4471 9195.
1369 4409 1461 4481 9991,

134 4520 289 4580 Africanis
315 4519 446 4596 quiaque
466 4518 547 4596 apud
566 4517 741 4576 Renierium
766 4533 796 4573 n.
818 4513 907 4574 1428.
933 4513 1022 4573 1499.
1047 4514 1136 4573 1730.
1161 4512 1240 4572 1894
1263 4513 1316 4588 (--
1335 4511 1461 4571 Henzen

133 4622 242 4698 5317).
265 4619 362 4691 3096,
390 4618 520 4678 fortasse
547 4618 638 4679 etlam
663 4618 695 4677 in
722 4615 801 4676 aliia.
848 4614 940 4691 Apud
967 4623 1104 4674 auctores
1134 4632 1238 4673 rerum
1264 4622 1311 4672 est
1330 4614 1462 4687 meconii

134 4721 315 4782 vocabulum
335 4719 424 4780 hodie
443 4736 540 4799 paene
560 4718 764 4780 oblitteratum
784 4732 866 4790 esser
892 4725 972 4778 certe
993 4725 1138 4794 quantum
1159 4713 1231 4786 vidi,
1253 4715 1351 4772 locum
1373 4730 1460 4772 snum

136 4887 341 4899 ’.αις-.-

213 4996 238 5060 ι)
264 4995 394 5064 Exempla
409 4988 558 5064 appetit-t
568 4990 758 5049 eomodo
775 4992 804 5046 lu
820 4991 958 5059 splendido
971 5004 1048 5056 opere
1059 4989 1189 5042 sacros
1199 4987 1312 5041 conscie
1325 5004 1338 5041 a
1350 4996 1458 5045 moeo-

136 5089 217 5143 raao
234 5086 304 5142 aaa
318 5086 434 5158 quecea
450 5084 481 5139 a·
495 5082 605 5140 rem
621 5082 781 5167 nam
798 5081 882 5146 rata)
899 5098 927 5152 p.
939 5081 1038 5135 xcrv.
