3480 5804
638 1345 1095 1460 lhhllllfflllll

494 1558 567 1640 AD
598 1556 857 1643 CORPORIS
886 1552 1144 1641 VOLVMEN
1172 1551 1239 1635 IV.

718 1691 761 1766 (n.
778 1688 1015 1764 asor-asso.)

227 2099 230 2104 ⁵
287 2117 453 2196 TITVLI
479 2117 618 2194 VASIS
645 2115 916 2193 FIOTILIBVS
941 2114 1187 2193 INSORIPTI
1212 2112 1444 2190 POMPEIIS

757 2243 979 2319 REPERTI.

284 2438 369 2498 Vasa
389 2438 493 2498 fictilia
512 2438 757 2514 inscriptionibus
770 2399 908 2514 insignia
921 2454 1115 2513 quaeeunque
1130 2437 1217 2495 aunis
1234 2433 1323 2495 1868.
1342 2434 1432 2494 1869.
1450 2433 1531 2494 1870

200 2540 355 2616 Pompeiis
375 2549 494 2616 reperta
508 2549 587 2609 sunt,
608 2539 744 2598 Fiorello
765 2540 910 2615 magistro
932 2539 1071 2596 hortante
1093 2537 1185 2596 simul
1206 2544 1296 2613 atque
1317 2535 1431 2595 effossa
1452 2541 1533 2606 sunt,

200 2641 360 2719 diligenter
380 2641 552 2699 examinavi
573 2640 736 2715 titulosque
758 2639 915 2714 descripsi.
951 2639 1001 2696 Ex
1022 2638 1131 2714 quibus
1153 2639 1286 2714 potiores
1309 2636 1437 2696 selectos
1451 2636 1533 2696 infra

201 2742 245 2800 ita
270 2759 438 2819 proponam
465 2748 498 2799 ut
522 2741 657 2798 ordinem
678 2739 740 2797 fere
762 2757 872 2815 sequar
892 2758 960 2797 eum
982 2756 1042 2815 quo
1063 2738 1197 2798 eiusdem
1219 2740 1338 2815 generis
1360 2737 1441 2796 tituli
1463 2744 1534 2796 ante

202 2861 228 2900 a.
247 2840 326 2900 1868
352 2841 463 2916 reperti
483 2842 514 2898 iu
537 2849 645 2916 quarto
667 2839 820 2898 volumine
842 2837 877 2898 0.
898 2839 924 2897 1.
944 2839 980 2897 L.
1003 2839 1143 2915 dispositi
1164 2840 1314 2916 leguntur.
1357 2836 1456 2899 Notae
1478 2857 1532 2896 nu·

202 2941 331 3001 morales
359 2940 514 2999 Romanae
547 2941 586 2998 ad
614 2957 754 2999 vasorum
782 2941 905 3000 nomina
931 2939 1049 2999 additae
1075 2941 1189 3000 formas
1217 2959 1320 2999 eorum
1353 2939 1532 3016 significant,

203 3041 308 3118 quales
334 3041 512 3100 exhibentur
537 3041 704 3099 delineatae
729 3041 762 3098 in
786 3041 890 3099 tabula
915 3042 1048 3101 eiusdem
1074 3042 1174 3119 operis
1194 3042 1323 3118 paginae
1340 3040 1396 3099 171
1420 3040 1532 3100 addita.

203 3135 354 3201 Thermae
375 3160 502 3218 quarum
523 3142 709 3218 frequentem
730 3142 911 3200 mentionem
931 3142 1100 3202 faciendam
1120 3143 1192 3202 mihi
1209 3159 1277 3200 esse
1291 3141 1388 3213 video,
1411 3143 1534 3200 eaedem

211 3249 281 3301 sunt
307 3241 344 3301 de
371 3242 481 3318 quibus
503 3241 671 3304 Sehoeuios
692 3243 732 3302 ib.
758 3261 787 3318 p.
807 3242 864 3300 172
887 3243 972 3302 dixit
1016 3243 1137 3302 Novum
1158 3260 1295 3302 museum
1315 3243 1534 3319 Pompeianum

204 3342 235 3402 id
256 3342 323 3402 dieo
345 3343 426 3420 quod
446 3361 540 3420 prope
560 3351 678 3421 portam
699 3343 776 3401 della
798 3343 918 3403 Marino
937 3363 1033 3421 nuper
1054 3354 1223 3404 extructum
1244 3351 1300 3403 est.

288 3443 409 3502 Titulos
431 3442 614 3506 aSehoenio
636 3444 801 3520 descriptos
824 3445 981 3521 editosque
1003 3463 1058 3524 ego
1080 3464 1201 3523 qnoque
1221 3464 1261 3504 ex
1282 3445 1358 3522 ipsis
1378 3445 1460 3504 vasis
1482 3445 1534 3505 de·

206 3545 401 3620 scripseram
430 3545 478 3604 hia
503 3546 577 3604 meis
605 3565 672 3605 enm
693 3546 774 3605 illius
795 3547 942 3622 exemplis
963 3547 1088 3606 conlatis
1110 3547 1256 3623 potiorem
1276 3545 1415 3605 lectionis
1437 3545 1534 3604 diver·

195 3644 326 3731 ⁸nitatem
347 3646 404 3705 hae
425 3647 648 3720 opportunitate
670 3647 772 3705 oblata
791 3647 1004 3723 publicandam
1025 3658 1094 3707 esse
1114 3647 1198 3706 duxi.

604 3838 889 3900 OORRIGENDA
911 3839 959 3900 IN
980 3841 1136 3904 EDITIS.

206 3971 272 4032 los
292 3973 346 4049 (ad
367 3972 649 4051 1v‚2645.2646).
692 3976 792 4036 Meum
813 3978 1020 4057 apographum
1040 3978 1097 4037 hoe
1118 3988 1179 4038 est:

733 4114 753 4153 a
795 4095 836 4154 tn

735 4215 752 4272 b
795 4210 1002 4285 CMhthls

207 4415 275 4476 170
299 4417 352 4492 (ad
373 4418 428 4493 IV,
444 4418 550 4496 2650).
593 4420 679 4480 Haeo
700 4421 745 4480 sio
768 4421 926 4499 descripsi:

829 4563 923 4628 tuum

830 4664 924 4725 tunm

831 4766 923 4825 tritum

832 4866 925 4926 ulrum

783 4947 827 5023 T·
840 4962 965 5024 cxcv

659 5049 695 5124 t·
711 5064 799 5124 1vru
816 5064 1082 5127 uarusuorrs
