3480 5804
547 505 849 560 onsunvsrrouus
865 507 985 560 nmen.
1004 509 1044 560 11.
1064 510 1119 560 111.
1445 495 1492 564 67

157 676 321 738 Claudiam
343 695 384 735 ex
407 683 494 754 gente
515 677 642 753 patricis
661 677 765 735 fuisse.
803 675 863 737 Sed
884 679 943 737 hoc
963 697 1050 756 nego,
1072 682 1152 756 quod
1174 688 1204 739 et
1217 681 1401 758 Borghesius
1415 685 1450 759 (l.
1466 705 1491 744 c.

162 777 285 856 p.188)
306 778 411 835 etalii
433 793 537 836 omnes
559 776 754 847 admiserunt,
776 779 857 854 apud
879 776 1055 839 Suetonium
1074 778 1194 839 Claudii
1215 784 1276 841 c.4
1298 785 1346 861 egi
1369 786 1406 842 de
1428 787 1493 844 efii-

159 879 255 938 nitate
277 876 400 937 Claudii
426 877 492 936 eius
518 877 570 952 qui
596 886 704 954 postea
727 878 865 954 regnavit
885 897 952 937 cum
974 877 1096 939 Silanie.
1140 879 1251 940 Scribit
1270 883 1313 942 ibi
1334 887 1493 961 Augustus

161 979 267 1055 paucis
293 987 363 1036 ante
388 985 516 1036 mortem
543 977 631 1036 enuie
655 977 695 1035 ad
715 975 834 1035 Liviam
862 997 985 1038 uxorem
1014 980 1058 1038 sic
1080 980 1117 1039 de
1139 979 1280 1042 Claudio:
1309 1003 1412 1043 curare
1432 1005 1494 1045 eum

161 1080 241 1138 ludes
261 1078 454 1136 Martialibus
476 1078 633 1136 triclinium
652 1079 829 1136 sacedotum
849 1097 907 1136 non
927 1079 1060 1154 displicet
1079 1082 1170 1150 nobis,
1192 1086 1219 1139 si
1240 1093 1282 1140 est
1299 1103 1443 1159 passuras
1464 1107 1494 1147 ss

160 1177 320 1238 absiloni
337 1179 403 1252 filio
427 1178 536 1236 bomine
563 1178 619 1236 eibi
645 1179 736 1251 adfini
763 1180 922 1248 admoneri,
948 1198 983 1236 nc
1010 1181 1080 1254 quid
1099 1182 1200 1254 saciat
1222 1185 1301 1257 quod
1321 1191 1448 1261 conspici
1468 1198 1494 1246 et

161 1280 290 1338 derideri
308 1281 409 1354 possit
455 1276 586 1351 Quinam
608 1278 635 1336 is
658 1296 724 1336 esse
746 1288 850 1353 posset
872 1278 968 1339 Silani
989 1280 1084 1352 iilius,
1107 1281 1229 1340 difficile
1251 1283 1331 1342 dictu
1352 1286 1444 1359 foret,
1466 1291 1493 1346 si

160 1378 285 1439 omnino
312 1377 349 1437 de
376 1397 413 1436 ea
438 1397 472 1436 re
499 1378 701 1454 quaerendum
728 1388 819 1437 esset.
863 1381 904 1437 At
925 1379 1005 1454 quod
1027 1381 1125 1438 editur
1147 1400 1205 1439 nou
1228 1392 1276 1441 est
1296 1384 1354 1442 uisi
1376 1388 1493 1447 coniec-

157 1478 393 1538 tura‘Berouldi
419 1496 526 1555 perum
553 1479 643 1549 selix;
671 1478 702 1536 in
724 1479 809 1537 libris
831 1481 969 1538 omuibus
992 1489 1039 1538 est
1060 1481 1188 1552 Silvani,
1217 1501 1344 1559 cumque
1365 1484 1494 1546 Claudio

163 1597 240 1638 uxor
260 1580 358 1656 prima
377 1579 468 1638 fuerit
482 1579 603 1638 Plautio
616 1579 809 1655 Urgulanilla
829 1580 892 1638 iilia
906 1580 948 1638 M.
963 1580 1074 1638 Plautii
1089 1578 1205 1640 Silvani
1227 1585 1360 1643 consulis
1382 1604 1409 1645 a.
1423 1587 1493 1662 752,

162 1695 251 1738 soror
277 1679 391 1738 Plautii
414 1678 530 1739 Silvani
557 1680 706 1755 praetoris
732 1698 759 1737 a.
777 1677 814 1736 22
831 1698 859 1756 p.
876 1678 947 1739 Chr.
974 1681 1130 1739 memorati
1158 1683 1237 1758 apud
1260 1683 1397 1744 Tacitum
1425 1707 1493 1746 eun.

162 1781 193 1851 4,
209 1777 248 1837 22
269 1780 456 1855 aliorumque
470 1778 657 1838 Plautiorum
672 1787 911 1837 enumeratorum
927 1781 1006 1856 epod
1022 1779 1238 1858 Nipperdeium
1254 1784 1290 1841 ad
1306 1785 1334 1843 b.
1349 1786 1370 1844 l.
1387 1787 1494 1862 Taciti,

161 1879 347 1959 intellegitur
367 1879 490 1938 omuino
511 1880 617 1937 horum
639 1879 749 1956 aliquis
771 1877 890 1937 Claudii
912 1880 1017 1938 Liviae
1039 1882 1157 1956 nepotis
1179 1892 1335 1960 cognatus.

727 2073 929 2083 ——--—-—.

384 2239 445 2298 111.
486 2238 546 2298 DE
568 2237 672 2297 FIDE
693 2237 949 2299 LEONHARDI
972 2237 1276 2302 GVTENSTENII.

246 2374 332 2434 Inter
361 2391 429 2446 eos,
462 2375 515 2452 qui
546 2375 686 2451 privatim
720 2375 777 2433 sibi
809 2374 976 2449 profuerint
1004 2375 1036 2432 in
1067 2377 1161 2450 copiis
1194 2380 1394 2456 epigraphicis
1426 2403 1496 2442 con·

163 2475 312 2552 gerundia,
335 2473 484 2534 Gruterus
505 2493 613 2533 nomen
637 2476 741 2551 posuit
762 2473 934 2532 Leonhurdi
956 2472 1145 2534 Gutenstenii
1172 2477 1236 2536 iure
1263 2481 1393 2540 consulti
1415 2485 1495 2543 eius·

162 2593 223 2652 que
257 2575 387 2635 hominis
422 2575 543 2634 uliuude
574 2576 648 2633 milri
679 2576 775 2653 ignoti
807 2575 838 2632 iu
869 2575 1055 2649 praelatione
1086 2576 1123 2633 de
1156 2593 1211 2635 sua
1242 2579 1360 2658 sylloge
1391 2586 1498 2644 merita

163 2676 334 2736 accuratius
354 2686 483 2735 enarrat.
524 2676 654 2735 Iuvenes
676 2675 751 2734 duos
776 2672 1007 2734 Gutenstenium
1033 2676 1117 2734 illum
1143 2685 1173 2735 et
1199 2675 1368 2754 Gasperum
1390 2680 1496 2762 Sciop-

164 2776 248 2854 pium
264 2776 383 2837 Romae
409 2776 551 2853 degentes
579 2794 635 2852 pro
661 2795 763 2834 amore
784 2775 815 2832 in
841 2792 874 2834 se
895 2775 1111 2850 Velserumque
1137 2773 1287 2853 ‘quicquid
1314 2799 1496 2844 marmorum
1559 2765 1560 2768 Ἴ

165 2877 298 2956 quotidie
319 2896 374 2953 per
386 2876 515 2935 Romam
535 2877 605 2934 hinc
625 2877 695 2935 inde
717 2882 879 2945 erueretur,
902 2894 1003 2934 eorum
1026 2876 1255 2936 delineationem
1275 2881 1496 2956 septimenetim

164 2977 228 3037 iere
248 2993 348 3036 secum
369 2977 607 3037 communicasse
628 2977 696 3051 ipso
719 2974 920 3036 Guteustenio
942 2977 1103 3035 adhibente
1124 2996 1245 3036 menum
1267 2997 1353 3040 suem
1375 3001 1498 3044 accura-

164 3072 332 3138 tissimem'.
370 3078 422 3137 Ab
442 3078 578 3137 Iohanne
598 3077 722 3136 Metello
743 3076 895 3153 adscripta
915 3077 954 3134 ad
974 3095 1085 3153 corpus
1106 3078 1345 3154 blazochienum,
1368 3101 1445 3159 quae
1466 3097 1500 3145 ut

165 3188 198 3238 et
225 3178 288 3239 alia
313 3178 394 3237 domi
422 3195 493 3238 suae
521 3186 642 3238 servata
667 3177 816 3236 obtulerat
836 3176 983 3236 Horatius
1006 3194 1025 3234 a
1046 3177 1136 3235 Valle
1160 3179 1226 3238 iure
1250 3182 1417 3255 consultus,
1445 3204 1498 3245 eos

165 3278 364 3354 descripsisse
385 3288 417 3337 et
436 3279 572 3349 misisse3
594 3279 665 3337 item
688 3275 874 3337 Smetianum
895 3277 1027 3335 codicem
1051 3295 1090 3335 ex
1109 3276 1297 3338 Farnesiene
1317 3282 1499 3344 bibliotheca

166 3400 186 3440 a
202 3378 311 3439 Fulvio
324 3377 438 3439 Ursino
460 3379 519 3439 sibi
539 3380 731 3453 impetratum
752 3395 805 3437 eos
827 3376 991 3436 contulisse
1012 3394 1079 3434 cum
1099 3375 1260 3438 Smetianis
1280 3381 1368 3440 editis
1391 3391 1421 3442 et
1442 3387 1497 3442 mi·

166 3481 245 3541 sisse
270 3497 347 3556 quoe
367 3479 411 3538 ibi
431 3479 501 3555 plus
522 3479 647 3538 aliterve
668 3479 845 3555 legerentur.
888 3474 1027 3551 Denique
1047 3496 1114 3536 cum
1137 3477 1228 3537 addat
1250 3477 1399 3540 Gruterus
1422 3484 1496 3543 Ful·

166 3581 248 3641 vium
268 3579 414 3639 Ursinum
440 3580 567 3638 sobedes
588 3597 660 3637 suas
682 3579 841 3655 plerasque
863 3585 915 3634 eut
936 3579 1018 3652 ipsas
1039 3595 1094 3651 per
1113 3576 1271 3636 Velserum
1293 3584 1498 3644 transmisisse

166 3691 220 3741 eut
246 3680 360 3739 Romoe
388 3680 534 3739 obtulisse
561 3678 787 3750 describendae,
816 3677 939 3734 dubium
966 3695 1027 3735 non
1052 3687 1100 3734 cst
1125 3677 1313 3738 describendi
1339 3681 1439 3741 officio
1466 3685 1497 3741 in

166 3781 215 3841 bis
242 3798 362 3858 quoque
386 3781 507 3840 functos
529 3797 597 3839 csse
617 3780 740 3838 iuvenes
762 3777 832 3835 illos
853 3786 883 3835 et
904 3777 1035 3835 maxime
1057 3775 1301 3853 Gutenstenium,
1331 3800 1397 3840 cum
1420 3803 1498 3861 quae

168 3888 293 3960 accepte
317 3881 453 3940 seruntur
478 3879 592 3941 Ursino
619 3881 650 3938 in
676 3897 802 3954 corpore
827 3878 940 3953 passim
969 3896 1023 3952 per
1050 3875 1282 3938 Gutenstenium
1310 3884 1428 3942 venisse
1456 3885 1501 3943 di-

167 3991 283 4043 cautur.
326 3980 405 4039 Huic
432 3981 628 4058 praefationis
657 3978 839 4054 expositioni
867 3978 934 4052 ipsa
956 3977 1073 4053 sylloge
1095 3979 1170 4036 setis
1192 3981 1368 4055 respondet,
1396 3986 1499 4045 titulos

167 4083 315 4160 quosdam
337 4081 471 4140 referens
493 4081 523 4138 in
546 4082 618 4139 urbe
640 4079 806 4154 descriptos
828 4098 847 4135 a
862 4076 1061 4136 Gutenstenio
1084 4078 1166 4152 (nem
1182 4076 1316 4156 Scioppii
1337 4099 1446 4143 nomen
1467 4087 1497 4143 in

168 4200 293 4259 corpore
314 4183 411 4241 rarius
432 4179 639 4256 memoretur),
660 4180 690 4236 in
713 4178 918 4254 compluribus
941 4186 1039 4235 autem
1056 4175 1247 4236 Gutensteuii
1269 4197 1376 4240 nomen
1395 4184 1500 4243 adiun-

168 4301 243 4362 gens
265 4282 388 4341 Metello
408 4280 573 4351 Ursinove‚
599 4289 633 4339 ut
656 4279 745 4339 etiam
768 4297 817 4349 ee,
845 4296 921 4351 quae
944 4277 1042 4335 solum
1064 4277 1176 4335 Metelli
1199 4296 1307 4338 nomen
1328 4283 1501 4358 subscripta

169 4384 291 4454 babent,
313 4383 416 4441 omnia
435 4399 612 4459 eorumque,
640 4398 717 4457 quae
739 4380 795 4437 sub
817 4378 922 4437 Ursini
944 4377 1064 4434 nomine
1085 4378 1287 4453 proferuntur,
1310 4389 1426 4455 partem
1448 4383 1502 4439 ali·

170 4502 261 4562 quam
285 4482 416 4543 Grutero
438 4501 457 4540 a
479 4480 678 4541 Gutensteuio
706 4479 933 4538 subministrata
954 4495 1020 4536 esse
1041 4487 1119 4536 recte
1141 4478 1281 4536 conicias.
1323 4476 1424 4552 Quare
1447 4482 1502 4539 ali-

169 4583 242 4663 quid
264 4583 406 4643 momenti
427 4581 550 4641 habebit
570 4581 609 4638 ed
631 4580 733 4638 titulos
755 4579 886 4637 maxime
902 4577 1033 4635 urbanos
1047 4583 1128 4635 recte
1142 4577 1342 4637 aestimandos
1355 4580 1500 4639 iudicium

170 4683 287 4743 deiide
308 4683 405 4761 ipsius
420 4680 619 4751 Gutenstenii,
642 4697 732 4755 quam
754 4678 851 4735 adhuc
872 4675 951 4758 quod
974 4677 1066 4734 sciam
1088 4695 1176 4733 nemo
1191 4677 1222 4734 in
1237 4677 1357 4736 dubium
1372 4683 1502 4739 vocavit.

171 4781 253 4845 Sane
272 4784 304 4842 in
325 4784 430 4842 multis
451 4783 512 4841 illis
534 4790 565 4840 et
579 4781 682 4853 variis,
705 4797 782 4853 quae
804 4777 888 4835 misit
903 4774 1044 4846 Grutero,
1065 4777 1154 4834 etiam
1175 4777 1355 4852 interpolata
1376 4790 1406 4837 et
1423 4780 1503 4840 fulsa

170 4884 295 4961 reperiri
322 4891 440 4942 constet
466 4900 563 4958 neque
591 4881 623 4938 id
649 4898 704 4956 per
728 4895 761 4936 se
786 4877 842 4952 ipsi
871 4875 945 4934 vitio
970 4876 1047 4933 verti
1072 4875 1167 4934 debet.
1213 4876 1363 4938 Volumeu
1387 4878 1504 4958 Ligorii

171 4983 254 5062 quod
274 4984 332 5043 suit
344 4982 461 5055 Ursini,
481 4999 562 5041 nunc
582 4989 629 5039 est
643 4979 674 5038 in
688 4977 870 5037 bibliotheca
882 4976 1029 5033 Vaticana
1049 4994 1078 5033 n.
1097 4974 1189 5048 3439,
1212 4978 1323 5037 dudum
1338 4990 1441 5039 uotum
1457 4991 1504 5041 est

172 5085 300 5161 allegari
321 5084 403 5161 apud
417 5081 580 5144 Gruterum
594 5080 651 5140 sub
663 5080 752 5138 titulo
766 5077 1006 5148 Ursinianorum‚
1027 5077 1187 5153 ipsumque
1201 5087 1361 5157 propterea
1374 5082 1504 5141 hominis

1257 5179 1298 5238 5»
